<?xml version="1.0" encoding="UTF-8"?>
<!DOCTYPE html PUBLIC "-//W3C//DTD XHTML 1.0 Transitional//EN"
    "http://www.w3.org/TR/xhtml1/DTD/xhtml1-transitional.dtd">
<html xmlns="http://www.w3.org/1999/xhtml" xml:lang="en" lang="en">
 <head>
  <title>
</title>
<meta http-equiv="Content-Type" content="text/html;charset=utf-8" />
  <meta name='ocr-system' content='tesseract 3.04.00' />
  <meta name='ocr-capabilities' content='ocr_page ocr_carea ocr_par ocr_line ocrx_word'/>
</head>
<body>
  <div class='ocr_page' id='page_1' title='image "./claudiihermerim03hermgoog_0114.png"; bbox 0 0 2470 3902; ppageno 0'>
   <div class='ocr_carea' id='block_1_1' title="bbox 221 167 1036 235">
    <p class='ocr_par' dir='ltr' id='par_1_1' title="bbox 221 167 1036 235">
     <span class='ocr_line' id='line_1_1' title="bbox 221 167 1036 235; baseline 0.005 -14"><span class='ocrx_word' id='word_1_1' title='bbox 221 167 503 223; x_wconf 80' lang='lat' dir='ltr'>MULOMEDIOINA</span> <span class='ocrx_word' id='word_1_2' title='bbox 521 167 691 224; x_wconf 79' lang='lat' dir='ltr'><strong>OHIRONIS</strong></span> <span class='ocrx_word' id='word_1_3' title='bbox 709 173 851 224; x_wconf 76' lang='lat'><strong>235-238</strong></span> <span class='ocrx_word' id='word_1_4' title='bbox 987 170 1036 235; x_wconf 66' lang='grc'>’,71</span> 
     </span>
    </p>
   </div>
   <div class='ocr_carea' id='block_1_2' title="bbox 11 317 1168 2883">
    <p class='ocr_par' dir='ltr' id='par_1_2' title="bbox 49 317 1114 662">
     <span class='ocr_line' id='line_1_2' title="bbox 104 317 1114 397; baseline 0.005 -22"><span class='ocrx_word' id='word_1_5' title='bbox 104 317 224 376; x_wconf 83' lang='lat' dir='ltr'>similem</span> <span class='ocrx_word' id='word_1_6' title='bbox 246 319 380 377; x_wconf 88' lang='lat' dir='ltr'>dolorem</span> <span class='ocrx_word' id='word_1_7' title='bbox 402 319 553 397; x_wconf 85' lang='lat' dir='ltr'>ingentem</span> <span class='ocrx_word' id='word_1_8' title='bbox 576 319 639 378; x_wconf 88' lang='lat' dir='ltr'>sine</span> <span class='ocrx_word' id='word_1_9' title='bbox 661 319 814 379; x_wconf 84' lang='lat' dir='ltr'>inflatione</span> <span class='ocrx_word' id='word_1_10' title='bbox 838 325 868 379; x_wconf 87' lang='lat' dir='ltr'>et</span> <span class='ocrx_word' id='word_1_11' title='bbox 894 320 926 379; x_wconf 92' lang='lat' dir='ltr'>in</span> <span class='ocrx_word' id='word_1_12' title='bbox 950 339 1038 381; x_wconf 84' lang='lat' dir='ltr'>cursu</span> <span class='ocrx_word' id='word_1_13' title='bbox 1054 322 1114 380; x_wconf 79' lang='lat'>285</span> 
     </span>
     <span class='ocr_line' id='line_1_3' title="bbox 53 407 1038 483; baseline 0.008 -21"><span class='ocrx_word' id='word_1_14' title='bbox 53 422 75 462; x_wconf 87' lang='lat' dir='ltr'>se</span> <span class='ocrx_word' id='word_1_15' title='bbox 89 407 243 482; x_wconf 74' lang='lat' dir='ltr'>tollentem,</span> <span class='ocrx_word' id='word_1_16' title='bbox 261 407 330 466; x_wconf 87' lang='lat' dir='ltr'>huic</span> <span class='ocrx_word' id='word_1_17' title='bbox 347 427 439 466; x_wconf 88' lang='lat' dir='ltr'>manu</span> <span class='ocrx_word' id='word_1_18' title='bbox 458 411 488 467; x_wconf 93' lang='lat' dir='ltr'>et</span> <span class='ocrx_word' id='word_1_19' title='bbox 511 407 663 483; x_wconf 79' lang='lat' dir='ltr'>depromes</span> <span class='ocrx_word' id='word_1_20' title='bbox 680 408 712 466; x_wconf 91' lang='lat' dir='ltr'>in</span> <span class='ocrx_word' id='word_1_21' title='bbox 731 427 822 468; x_wconf 87' lang='lat' dir='ltr'>auum</span> <span class='ocrx_word' id='word_1_22' title='bbox 840 412 871 468; x_wconf 89' lang='lat' dir='ltr'>et</span> <span class='ocrx_word' id='word_1_23' title='bbox 888 413 1038 470; x_wconf 75' lang='lat' dir='ltr'><strong>veretrum</strong></span> 
     </span>
     <span class='ocr_line' id='line_1_4' title="bbox 51 496 1037 575; baseline 0.007 -23"><span class='ocrx_word' id='word_1_24' title='bbox 51 512 125 569; x_wconf 85' lang='lat' dir='ltr'>usque</span> <span class='ocrx_word' id='word_1_25' title='bbox 144 514 252 555; x_wconf 84' lang='lat' dir='ltr'>versus.</span> <span class='ocrx_word' id='word_1_26' title='bbox 298 496 340 554; x_wconf 93' lang='lat' dir='ltr'>ibi</span> <span class='ocrx_word' id='word_1_27' title='bbox 361 497 477 555; x_wconf 83' lang='lat' dir='ltr'>invenis</span> <span class='ocrx_word' id='word_1_28' title='bbox 500 497 630 555; x_wconf 87' lang='lat' dir='ltr'>vesicam</span> <span class='ocrx_word' id='word_1_29' title='bbox 652 515 706 572; x_wconf 91' lang='lat' dir='ltr'>pro</span> <span class='ocrx_word' id='word_1_30' title='bbox 729 498 934 575; x_wconf 77' lang='lat' dir='ltr'><strong>magnitudine</strong></span> <span class='ocrx_word' id='word_1_31' title='bbox 956 500 1037 559; x_wconf 85' lang='lat' dir='ltr'>lobeo</span> 
     </span>
     <span class='ocr_line' id='line_1_5' title="bbox 49 583 1038 662; baseline 0.007 -22"><span class='ocrx_word' id='word_1_32' title='bbox 49 583 157 656; x_wconf 82' lang='lat' dir='ltr'>plenam.</span> <span class='ocrx_word' id='word_1_33' title='bbox 194 603 285 661; x_wconf 89' lang='lat' dir='ltr'>quam</span> <span class='ocrx_word' id='word_1_34' title='bbox 307 585 383 644; x_wconf 84' lang='lat' dir='ltr'>hanc</span> <span class='ocrx_word' id='word_1_35' title='bbox 405 585 535 644; x_wconf 86' lang='lat' dir='ltr'>vesicam</span> <span class='ocrx_word' id='word_1_36' title='bbox 557 585 596 643; x_wconf 82' lang='lat' dir='ltr'>ed</span> <span class='ocrx_word' id='word_1_37' title='bbox 619 587 723 644; x_wconf 79' lang='lat' dir='ltr'>dextra</span> <span class='ocrx_word' id='word_1_38' title='bbox 745 587 866 645; x_wconf 85' lang='lat' dir='ltr'>sinistra</span> <span class='ocrx_word' id='word_1_39' title='bbox 887 591 973 662; x_wconf 80' lang='lat' dir='ltr'>perte</span> <span class='ocrx_word' id='word_1_40' title='bbox 996 589 1038 647; x_wconf 89' lang='lat' dir='ltr'>le-</span> 
     </span>
    </p>

    <p class='ocr_par' dir='ltr' id='par_1_3' title="bbox 31 671 1038 928">
     <span class='ocr_line' id='line_1_6' title="bbox 31 671 1038 751; baseline 0.006 -22"><span class='ocrx_word' id='word_1_41' title='bbox 31 671 110 730; x_wconf 78' lang='lat' dir='ltr'>sriter</span> <span class='ocrx_word' id='word_1_42' title='bbox 130 673 256 733; x_wconf 84' lang='lat' dir='ltr'>adduces</span> <span class='ocrx_word' id='word_1_43' title='bbox 273 675 330 733; x_wconf 87' lang='lat' dir='ltr'>hcc</span> <span class='ocrx_word' id='word_1_44' title='bbox 349 693 450 734; x_wconf 89' lang='lat' dir='ltr'>susum</span> <span class='ocrx_word' id='word_1_45' title='bbox 469 676 617 733; x_wconf 81' lang='lat' dir='ltr'>edanum</span> <span class='ocrx_word' id='word_1_46' title='bbox 633 693 736 734; x_wconf 85' lang='lat' dir='ltr'>versus</span> <span class='ocrx_word' id='word_1_47' title='bbox 759 677 789 734; x_wconf 87' lang='lat' dir='ltr'>et</span> <span class='ocrx_word' id='word_1_48' title='bbox 807 675 952 751; x_wconf 80' lang='lat' dir='ltr'>deprimes</span> <span class='ocrx_word' id='word_1_49' title='bbox 971 695 1038 735; x_wconf 92' lang='lat' dir='ltr'>oum</span> 
     </span>
     <span class='ocr_line' id='line_1_7' title="bbox 48 761 1036 839; baseline 0.007 -21"><span class='ocrx_word' id='word_1_50' title='bbox 48 761 376 836; x_wconf 56' lang='lat' dir='ltr'>denominationem</span> <span class='ocrx_word' id='word_1_51' title='bbox 403 763 477 822; x_wconf 83' lang='lat' dir='ltr'>facis</span> <span class='ocrx_word' id='word_1_52' title='bbox 499 766 563 821; x_wconf 85' lang='lat' dir='ltr'>tam</span> <span class='ocrx_word' id='word_1_53' title='bbox 586 763 649 839; x_wconf 83' lang='lat' dir='ltr'>diu,</span> <span class='ocrx_word' id='word_1_54' title='bbox 678 763 769 822; x_wconf 88' lang='lat' dir='ltr'>donec</span> <span class='ocrx_word' id='word_1_55' title='bbox 791 764 909 822; x_wconf 82' lang='lat' dir='ltr'>urinam</span> <span class='ocrx_word' id='word_1_56' title='bbox 936 765 1036 825; x_wconf 82' lang='lat' dir='ltr'>facist.</span> 
     </span>
     <span class='ocr_line' id='line_1_8' title="bbox 48 849 966 928; baseline 0.007 -21"><span class='ocrx_word' id='word_1_57' title='bbox 48 849 206 909; x_wconf 78' lang='lat' dir='ltr'>liberabitur</span> <span class='ocrx_word' id='word_1_58' title='bbox 227 851 368 927; x_wconf 84' lang='lat' dir='ltr'>periculo,</span> <span class='ocrx_word' id='word_1_59' title='bbox 391 853 427 910; x_wconf 90' lang='lat' dir='ltr'>de</span> <span class='ocrx_word' id='word_1_60' title='bbox 450 871 509 928; x_wconf 86' lang='lat' dir='ltr'>quo</span> <span class='ocrx_word' id='word_1_61' title='bbox 533 851 696 911; x_wconf 86' lang='lat' dir='ltr'>difficiliter</span> <span class='ocrx_word' id='word_1_62' title='bbox 718 853 838 911; x_wconf 84' lang='lat' dir='ltr'>liberari</span> <span class='ocrx_word' id='word_1_63' title='bbox 862 854 966 913; x_wconf 88' lang='lat' dir='ltr'>solent.</span> 
     </span>
    </p>

    <p class='ocr_par' dir='ltr' id='par_1_4' title="bbox 48 940 1113 1105">
     <span class='ocr_line' id='line_1_9' title="bbox 100 940 1113 1016; baseline 0.001 -18"><span class='ocrx_word' id='word_1_64' title='bbox 100 943 165 999; x_wconf 88' lang='lat' dir='ltr'>sunt</span> <span class='ocrx_word' id='word_1_65' title='bbox 187 940 255 1015; x_wconf 85' lang='lat' dir='ltr'>alii,</span> <span class='ocrx_word' id='word_1_66' title='bbox 277 941 329 1016; x_wconf 91' lang='lat' dir='ltr'>qui</span> <span class='ocrx_word' id='word_1_67' title='bbox 352 941 469 1000; x_wconf 80' lang='lat' dir='ltr'>assidue</span> <span class='ocrx_word' id='word_1_68' title='bbox 493 941 625 1000; x_wconf 91' lang='lat' dir='ltr'>dolorem</span> <span class='ocrx_word' id='word_1_69' title='bbox 646 941 803 1016; x_wconf 83' lang='lat' dir='ltr'>patiuntur</span> <span class='ocrx_word' id='word_1_70' title='bbox 824 942 936 1001; x_wconf 87' lang='lat' dir='ltr'>ventris</span> <span class='ocrx_word' id='word_1_71' title='bbox 960 942 1038 1001; x_wconf 85' lang='lat' dir='ltr'>inter</span> <span class='ocrx_word' id='word_1_72' title='bbox 1055 943 1113 1000; x_wconf 74' lang='grc'>236</span> 
     </span>
     <span class='ocr_line' id='line_1_10' title="bbox 48 1025 1037 1105; baseline 0.006 -22"><span class='ocrx_word' id='word_1_73' title='bbox 48 1025 153 1104; x_wconf 80' lang='lat' dir='ltr'>longum</span> <span class='ocrx_word' id='word_1_74' title='bbox 174 1033 293 1105; x_wconf 83' lang='lat' dir='ltr'>tempus</span> <span class='ocrx_word' id='word_1_75' title='bbox 316 1029 378 1089; x_wconf 86' lang='lat' dir='ltr'>sine</span> <span class='ocrx_word' id='word_1_76' title='bbox 400 1029 464 1088; x_wconf 86' lang='lat' dir='ltr'>ulla</span> <span class='ocrx_word' id='word_1_77' title='bbox 486 1029 639 1089; x_wconf 86' lang='lat' dir='ltr'>inflatione</span> <span class='ocrx_word' id='word_1_78' title='bbox 667 1048 721 1089; x_wconf 86' lang='lat' dir='ltr'>nec</span> <span class='ocrx_word' id='word_1_79' title='bbox 743 1031 932 1090; x_wconf 80' lang='lat' dir='ltr'>vehementer</span> <span class='ocrx_word' id='word_1_80' title='bbox 952 1031 1037 1089; x_wconf 84' lang='lat' dir='ltr'>volu·</span> 
     </span>
    </p>

    <p class='ocr_par' dir='ltr' id='par_1_5' title="bbox 12 1117 1038 1550">
     <span class='ocr_line' id='line_1_11' title="bbox 12 1117 1038 1194; baseline 0.006 -22"><span class='ocrx_word' id='word_1_81' title='bbox 12 1117 101 1174; x_wconf 48' lang='lat' dir='ltr'>¹rotant</span> <span class='ocrx_word' id='word_1_82' title='bbox 121 1121 150 1176; x_wconf 92' lang='lat' dir='ltr'>et</span> <span class='ocrx_word' id='word_1_83' title='bbox 171 1118 259 1193; x_wconf 89' lang='lat' dir='ltr'>quasi</span> <span class='ocrx_word' id='word_1_84' title='bbox 279 1119 312 1176; x_wconf 91' lang='lat' dir='ltr'>in</span> <span class='ocrx_word' id='word_1_85' title='bbox 335 1137 422 1177; x_wconf 86' lang='lat' dir='ltr'>cursu</span> <span class='ocrx_word' id='word_1_86' title='bbox 444 1137 475 1177; x_wconf 87' lang='lat' dir='ltr'>sc</span> <span class='ocrx_word' id='word_1_87' title='bbox 497 1121 692 1193; x_wconf 86' lang='lat' dir='ltr'>provocantes</span> <span class='ocrx_word' id='word_1_88' title='bbox 715 1119 865 1194; x_wconf 76' lang='lat' dir='ltr'>proiciunt</span> <span class='ocrx_word' id='word_1_89' title='bbox 887 1138 917 1178; x_wconf 91' lang='lat' dir='ltr'>se</span> <span class='ocrx_word' id='word_1_90' title='bbox 936 1122 967 1178; x_wconf 89' lang='lat' dir='ltr'>et</span> <span class='ocrx_word' id='word_1_91' title='bbox 983 1120 1038 1178; x_wconf 84' lang='lat' dir='ltr'>ilia</span> 
     </span>
     <span class='ocr_line' id='line_1_12' title="bbox 48 1203 1038 1284; baseline 0.007 -24"><span class='ocrx_word' id='word_1_92' title='bbox 48 1203 92 1262; x_wconf 87' lang='lat' dir='ltr'>sibi</span> <span class='ocrx_word' id='word_1_93' title='bbox 112 1206 225 1265; x_wconf 75' lang='lat' dir='ltr'>assidue</span> <span class='ocrx_word' id='word_1_94' title='bbox 250 1208 420 1284; x_wconf 77' lang='lat' dir='ltr'>corrodent,</span> <span class='ocrx_word' id='word_1_95' title='bbox 449 1208 566 1283; x_wconf 79' lang='lat' dir='ltr'>quamsi</span> <span class='ocrx_word' id='word_1_96' title='bbox 594 1207 739 1284; x_wconf 80' lang='lat' dir='ltr'>sculpant.</span> <span class='ocrx_word' id='word_1_97' title='bbox 783 1209 816 1268; x_wconf 91' lang='lat' dir='ltr'>in</span> <span class='ocrx_word' id='word_1_98' title='bbox 842 1209 930 1267; x_wconf 89' lang='lat' dir='ltr'>buius</span> <span class='ocrx_word' id='word_1_99' title='bbox 955 1209 1038 1268; x_wconf 90' lang='lat' dir='ltr'>modi</span> 
     </span>
     <span class='ocr_line' id='line_1_13' title="bbox 48 1291 1037 1373; baseline 0.008 -24"><span class='ocrx_word' id='word_1_100' title='bbox 48 1291 132 1354; x_wconf 88' lang='lat' dir='ltr'>dolore</span> <span class='ocrx_word' id='word_1_101' title='bbox 153 1314 275 1354; x_wconf 89' lang='lat' dir='ltr'>manum</span> <span class='ocrx_word' id='word_1_102' title='bbox 297 1297 398 1356; x_wconf 87' lang='lat' dir='ltr'>mittes</span> <span class='ocrx_word' id='word_1_103' title='bbox 420 1296 452 1354; x_wconf 89' lang='lat' dir='ltr'>in</span> <span class='ocrx_word' id='word_1_104' title='bbox 478 1297 545 1373; x_wconf 86' lang='lat' dir='ltr'>ipsa</span> <span class='ocrx_word' id='word_1_105' title='bbox 571 1296 719 1372; x_wconf 81' lang='lat' dir='ltr'>lougaone</span> <span class='ocrx_word' id='word_1_106' title='bbox 747 1316 801 1372; x_wconf 88' lang='lat' dir='ltr'>per</span> <span class='ocrx_word' id='word_1_107' title='bbox 827 1298 984 1357; x_wconf 89' lang='lat' dir='ltr'>circuitum</span> <span class='ocrx_word' id='word_1_108' title='bbox 1005 1298 1037 1356; x_wconf 90' lang='lat' dir='ltr'>in</span> 
     </span>
     <span class='ocr_line' id='line_1_14' title="bbox 48 1379 1036 1460; baseline 0.009 -23"><span class='ocrx_word' id='word_1_109' title='bbox 48 1379 202 1443; x_wconf 88' lang='lat' dir='ltr'>interiorem</span> <span class='ocrx_word' id='word_1_110' title='bbox 223 1389 341 1459; x_wconf 87' lang='lat' dir='ltr'>partem</span> <span class='ocrx_word' id='word_1_111' title='bbox 363 1403 417 1460; x_wconf 87' lang='lat' dir='ltr'>per</span> <span class='ocrx_word' id='word_1_112' title='bbox 442 1385 572 1460; x_wconf 88' lang='lat' dir='ltr'>plurima</span> <span class='ocrx_word' id='word_1_113' title='bbox 595 1385 676 1444; x_wconf 87' lang='lat' dir='ltr'>loca:</span> <span class='ocrx_word' id='word_1_114' title='bbox 698 1387 827 1445; x_wconf 75' lang='lat' dir='ltr'>iuvenies</span> <span class='ocrx_word' id='word_1_115' title='bbox 848 1405 962 1446; x_wconf 85' lang='lat' dir='ltr'>vermes</span> <span class='ocrx_word' id='word_1_116' title='bbox 985 1386 1036 1445; x_wconf 92' lang='lat' dir='ltr'>bo-</span> 
     </span>
     <span class='ocr_line' id='line_1_15' title="bbox 47 1471 1037 1550; baseline 0.007 -23"><span class='ocrx_word' id='word_1_117' title='bbox 47 1471 172 1531; x_wconf 89' lang='lat' dir='ltr'>tronatim</span> <span class='ocrx_word' id='word_1_118' title='bbox 209 1474 373 1533; x_wconf 86' lang='lat' dir='ltr'>cohaesisse</span> <span class='ocrx_word' id='word_1_119' title='bbox 404 1474 437 1532; x_wconf 91' lang='lat' dir='ltr'>in</span> <span class='ocrx_word' id='word_1_120' title='bbox 467 1475 592 1550; x_wconf 80' lang='lat' dir='ltr'>siugulis</span> <span class='ocrx_word' id='word_1_121' title='bbox 626 1474 712 1550; x_wconf 79' lang='lat' dir='ltr'>lucie,</span> <span class='ocrx_word' id='word_1_122' title='bbox 742 1475 828 1549; x_wconf 86' lang='lat' dir='ltr'>quasi</span> <span class='ocrx_word' id='word_1_123' title='bbox 860 1476 1037 1534; x_wconf 78' lang='lat' dir='ltr'>oliendiones</span> 
     </span>
    </p>

    <p class='ocr_par' dir='ltr' id='par_1_6' title="bbox 11 1559 1111 1994">
     <span class='ocr_line' id='line_1_16' title="bbox 11 1559 1089 1640; baseline 0.007 -25"><span class='ocrx_word' id='word_1_124' title='bbox 11 1577 37 1616; x_wconf 80' lang='lat' dir='ltr'>us</span> <span class='ocrx_word' id='word_1_125' title='bbox 48 1559 186 1620; x_wconf 83' lang='lat' dir='ltr'>vulnerum</span> <span class='ocrx_word' id='word_1_126' title='bbox 221 1563 346 1638; x_wconf 81' lang='lat' dir='ltr'>facient,</span> <span class='ocrx_word' id='word_1_127' title='bbox 382 1583 418 1622; x_wconf 82' lang='lat' dir='ltr'>ex</span> <span class='ocrx_word' id='word_1_128' title='bbox 454 1563 561 1639; x_wconf 91' lang='lat' dir='ltr'>quibus</span> <span class='ocrx_word' id='word_1_129' title='bbox 596 1563 674 1622; x_wconf 89' lang='lat' dir='ltr'>hunc</span> <span class='ocrx_word' id='word_1_130' title='bbox 711 1563 843 1622; x_wconf 92' lang='lat' dir='ltr'>dolorem</span> <span class='ocrx_word' id='word_1_131' title='bbox 873 1564 1037 1640; x_wconf 80' lang='lat' dir='ltr'>potiuntur.</span> <span class='ocrx_word' id='word_1_132' title='bbox 1087 1579 1089 1588; x_wconf 64' lang='lat'><strong><em>⁴</em></strong></span> 
     </span>
     <span class='ocr_line' id='line_1_17' title="bbox 47 1648 1036 1728; baseline 0.006 -23"><span class='ocrx_word' id='word_1_133' title='bbox 47 1648 123 1709; x_wconf 87' lang='lat' dir='ltr'>velles</span> <span class='ocrx_word' id='word_1_134' title='bbox 145 1670 202 1710; x_wconf 91' lang='lat' dir='ltr'>eas.</span> <span class='ocrx_word' id='word_1_135' title='bbox 247 1652 299 1710; x_wconf 82' lang='lat' dir='ltr'>vix</span> <span class='ocrx_word' id='word_1_136' title='bbox 328 1652 447 1728; x_wconf 89' lang='lat' dir='ltr'>quidem</span> <span class='ocrx_word' id='word_1_137' title='bbox 476 1650 656 1727; x_wconf 82' lang='lat' dir='ltr'>evelluntur,</span> <span class='ocrx_word' id='word_1_138' title='bbox 686 1655 717 1710; x_wconf 91' lang='lat' dir='ltr'>et</span> <span class='ocrx_word' id='word_1_139' title='bbox 744 1652 810 1728; x_wconf 85' lang='lat' dir='ltr'>ipse</span> <span class='ocrx_word' id='word_1_140' title='bbox 832 1653 906 1711; x_wconf 87' lang='lat' dir='ltr'>hora</span> <span class='ocrx_word' id='word_1_141' title='bbox 928 1653 982 1711; x_wconf 85' lang='lat' dir='ltr'>tibi</span> <span class='ocrx_word' id='word_1_142' title='bbox 1003 1654 1036 1711; x_wconf 90' lang='lat' dir='ltr'>in</span> 
     </span>
     <span class='ocr_line' id='line_1_18' title="bbox 46 1740 1111 1816; baseline 0.002 -22"><span class='ocrx_word' id='word_1_143' title='bbox 46 1755 122 1796; x_wconf 89' lang='lat' dir='ltr'>manu</span> <span class='ocrx_word' id='word_1_144' title='bbox 138 1740 277 1799; x_wconf 87' lang='lat' dir='ltr'>similiter</span> <span class='ocrx_word' id='word_1_145' title='bbox 294 1741 496 1800; x_wconf 83' lang='lat' dir='ltr'>cohaerentur.</span> <span class='ocrx_word' id='word_1_146' title='bbox 521 1740 585 1800; x_wconf 76' lang='lat' dir='ltr'>¹vir</span> <span class='ocrx_word' id='word_1_147' title='bbox 608 1759 658 1799; x_wconf 87' lang='lat' dir='ltr'>eas</span> <span class='ocrx_word' id='word_1_148' title='bbox 680 1740 814 1816; x_wconf 80' lang='lat' dir='ltr'>proicies.</span> <span class='ocrx_word' id='word_1_149' title='bbox 852 1761 887 1799; x_wconf 83' lang='lat' dir='ltr'>ex</span> <span class='ocrx_word' id='word_1_150' title='bbox 910 1759 970 1816; x_wconf 88' lang='lat' dir='ltr'>qua</span> <span class='ocrx_word' id='word_1_151' title='bbox 988 1760 1035 1799; x_wconf 89' lang='lat' dir='ltr'>ra·</span> <span class='ocrx_word' id='word_1_152' title='bbox 1054 1741 1111 1798; x_wconf 77' lang='lat'>287</span> 
     </span>
     <span class='ocr_line' id='line_1_19' title="bbox 46 1821 1038 1905; baseline 0.007 -23"><span class='ocrx_word' id='word_1_153' title='bbox 46 1825 113 1886; x_wconf 86' lang='lat' dir='ltr'>tione</span> <span class='ocrx_word' id='word_1_154' title='bbox 125 1829 220 1888; x_wconf 82' lang='lat' dir='ltr'>multa</span> <span class='ocrx_word' id='word_1_155' title='bbox 232 1829 366 1888; x_wconf 88' lang='lat' dir='ltr'>iumenta</span> <span class='ocrx_word' id='word_1_156' title='bbox 377 1847 439 1888; x_wconf 77' lang='lat' dir='ltr'>non</span> <span class='ocrx_word' id='word_1_157' title='bbox 453 1831 515 1889; x_wconf 88' lang='lat' dir='ltr'>sine</span> <span class='ocrx_word' id='word_1_158' title='bbox 530 1830 630 1889; x_wconf 88' lang='lat' dir='ltr'>dolore</span> <span class='ocrx_word' id='word_1_159' title='bbox 650 1821 776 1888; x_wconf 87' lang='lat' dir='ltr'>caudam</span> <span class='ocrx_word' id='word_1_160' title='bbox 794 1830 910 1889; x_wconf 86' lang='lat' dir='ltr'>assidue</span> <span class='ocrx_word' id='word_1_161' title='bbox 928 1830 1038 1905; x_wconf 81' lang='lat' dir='ltr'>parieti</span> 
     </span>
     <span class='ocr_line' id='line_1_20' title="bbox 46 1912 1035 1994; baseline 0.007 -22"><span class='ocrx_word' id='word_1_162' title='bbox 46 1912 171 1977; x_wconf 78' lang='lat' dir='ltr'>intricant</span> <span class='ocrx_word' id='word_1_163' title='bbox 202 1922 326 1994; x_wconf 90' lang='lat' dir='ltr'>propter</span> <span class='ocrx_word' id='word_1_164' title='bbox 356 1937 470 1978; x_wconf 90' lang='lat' dir='ltr'>morsos</span> <span class='ocrx_word' id='word_1_165' title='bbox 501 1938 604 1978; x_wconf 90' lang='lat' dir='ltr'>eorum</span> <span class='ocrx_word' id='word_1_166' title='bbox 630 1918 783 1977; x_wconf 85' lang='lat' dir='ltr'>vermium.</span> <span class='ocrx_word' id='word_1_167' title='bbox 829 1937 904 1994; x_wconf 84' lang='lat' dir='ltr'>quas</span> <span class='ocrx_word' id='word_1_168' title='bbox 931 1937 1035 1994; x_wconf 83' lang='lat' dir='ltr'>expur-</span> 
     </span>
    </p>

    <p class='ocr_par' dir='ltr' id='par_1_7' title="bbox 12 1997 1168 2439">
     <span class='ocr_line' id='line_1_21' title="bbox 12 1997 1168 2087; baseline 0.006 -27"><span class='ocrx_word' id='word_1_169' title='bbox 12 2019 103 2078; x_wconf 79' lang='lat' dir='ltr'>osgaro</span> <span class='ocrx_word' id='word_1_170' title='bbox 120 1997 126 2087; x_wconf 76' lang='grc' dir='ltr'>Ι</span> <span class='ocrx_word' id='word_1_171' title='bbox 145 2007 180 2066; x_wconf 90' lang='lat' dir='ltr'>de</span> <span class='ocrx_word' id='word_1_172' title='bbox 194 2007 349 2084; x_wconf 80' lang='lat' dir='ltr'>longaone</span> <span class='ocrx_word' id='word_1_173' title='bbox 364 2026 413 2066; x_wconf 87' lang='lat' dir='ltr'>cas</span> <span class='ocrx_word' id='word_1_174' title='bbox 428 2007 547 2066; x_wconf 83' lang='lat' dir='ltr'>debebis</span> <span class='ocrx_word' id='word_1_175' title='bbox 559 2013 594 2066; x_wconf 84' lang='lat' dir='ltr'>et</span> <span class='ocrx_word' id='word_1_176' title='bbox 605 2007 758 2082; x_wconf 88' lang='lat' dir='ltr'>potionem</span> <span class='ocrx_word' id='word_1_177' title='bbox 776 2009 846 2066; x_wconf 86' lang='lat' dir='ltr'>dare</span> <span class='ocrx_word' id='word_1_178' title='bbox 864 2027 918 2083; x_wconf 92' lang='lat' dir='ltr'>per</span> <span class='ocrx_word' id='word_1_179' title='bbox 935 2009 1036 2083; x_wconf 89' lang='lat' dir='ltr'>plures</span> <span class='ocrx_word' id='word_1_180' title='bbox 1060 2011 1168 2070; x_wconf 70' lang='lat' dir='ltr'>118*a</span> 
     </span>
     <span class='ocr_line' id='line_1_22' title="bbox 45 2091 1036 2174; baseline 0.008 -26"><span class='ocrx_word' id='word_1_181' title='bbox 45 2091 96 2152; x_wconf 88' lang='lat' dir='ltr'>dies</span> <span class='ocrx_word' id='word_1_182' title='bbox 117 2114 193 2171; x_wconf 82' lang='lat' dir='ltr'>eam,</span> <span class='ocrx_word' id='word_1_183' title='bbox 222 2116 298 2172; x_wconf 88' lang='lat' dir='ltr'>quae</span> <span class='ocrx_word' id='word_1_184' title='bbox 326 2097 364 2155; x_wconf 88' lang='lat' dir='ltr'>ad</span> <span class='ocrx_word' id='word_1_185' title='bbox 391 2096 551 2156; x_wconf 86' lang='lat' dir='ltr'>lumbricos</span> <span class='ocrx_word' id='word_1_186' title='bbox 574 2097 671 2156; x_wconf 86' lang='lat' dir='ltr'>faciet.</span> <span class='ocrx_word' id='word_1_187' title='bbox 717 2097 762 2154; x_wconf 86' lang='lat' dir='ltr'>ita</span> <span class='ocrx_word' id='word_1_188' title='bbox 789 2115 890 2155; x_wconf 88' lang='lat' dir='ltr'>omnes</span> <span class='ocrx_word' id='word_1_189' title='bbox 912 2115 1036 2174; x_wconf 87' lang='lat' dir='ltr'>vermes,</span> 
     </span>
     <span class='ocr_line' id='line_1_23' title="bbox 46 2184 1037 2261; baseline 0.007 -23"><span class='ocrx_word' id='word_1_190' title='bbox 46 2198 106 2254; x_wconf 89' lang='lat' dir='ltr'>quas</span> <span class='ocrx_word' id='word_1_191' title='bbox 127 2203 225 2244; x_wconf 86' lang='lat' dir='ltr'>cosses</span> <span class='ocrx_word' id='word_1_192' title='bbox 247 2187 434 2261; x_wconf 87' lang='lat' dir='ltr'>appellamus</span> <span class='ocrx_word' id='word_1_193' title='bbox 458 2189 488 2244; x_wconf 80' lang='lat' dir='ltr'>et</span> <span class='ocrx_word' id='word_1_194' title='bbox 504 2187 638 2258; x_wconf 75' lang='lat' dir='ltr'>tioeolaS,</span> <span class='ocrx_word' id='word_1_195' title='bbox 655 2185 688 2242; x_wconf 92' lang='lat' dir='ltr'>in</span> <span class='ocrx_word' id='word_1_196' title='bbox 712 2184 847 2244; x_wconf 90' lang='lat' dir='ltr'>ulteriori</span> <span class='ocrx_word' id='word_1_197' title='bbox 865 2190 952 2261; x_wconf 88' lang='lat' dir='ltr'>parte</span> <span class='ocrx_word' id='word_1_198' title='bbox 971 2205 1037 2245; x_wconf 85' lang='lat' dir='ltr'>cum</span> 
     </span>
     <span class='ocr_line' id='line_1_24' title="bbox 45 2273 1037 2351; baseline 0.008 -26"><span class='ocrx_word' id='word_1_199' title='bbox 45 2273 158 2332; x_wconf 86' lang='lat' dir='ltr'>stercora</span> <span class='ocrx_word' id='word_1_200' title='bbox 176 2294 231 2350; x_wconf 86' lang='lat' dir='ltr'>per</span> <span class='ocrx_word' id='word_1_201' title='bbox 247 2275 475 2334; x_wconf 86' lang='lat' dir='ltr'>adsellationem</span> <span class='ocrx_word' id='word_1_202' title='bbox 493 2274 643 2351; x_wconf 79' lang='lat' dir='ltr'>purgabis.</span> <span class='ocrx_word' id='word_1_203' title='bbox 680 2292 785 2333; x_wconf 90' lang='lat' dir='ltr'>sanum</span> <span class='ocrx_word' id='word_1_204' title='bbox 803 2274 894 2333; x_wconf 88' lang='lat' dir='ltr'>facies</span> <span class='ocrx_word' id='word_1_205' title='bbox 917 2278 947 2334; x_wconf 88' lang='lat' dir='ltr'>et</span> <span class='ocrx_word' id='word_1_206' title='bbox 970 2295 1037 2336; x_wconf 83' lang='lat' dir='ltr'>eum</span> 
     </span>
     <span class='ocr_line' id='line_1_25' title="bbox 46 2357 1036 2439; baseline 0.004 -21"><span class='ocrx_word' id='word_1_207' title='bbox 46 2357 179 2439; x_wconf 77' lang='lat' dir='ltr'>similiter,</span> <span class='ocrx_word' id='word_1_208' title='bbox 208 2364 260 2439; x_wconf 89' lang='lat' dir='ltr'>qui</span> <span class='ocrx_word' id='word_1_209' title='bbox 289 2363 448 2422; x_wconf 88' lang='lat' dir='ltr'>lumbricos</span> <span class='ocrx_word' id='word_1_210' title='bbox 469 2363 568 2422; x_wconf 85' lang='lat' dir='ltr'>babet.</span> <span class='ocrx_word' id='word_1_211' title='bbox 614 2363 656 2421; x_wconf 89' lang='lat' dir='ltr'>sic</span> <span class='ocrx_word' id='word_1_212' title='bbox 681 2363 748 2422; x_wconf 88' lang='lat' dir='ltr'>istis</span> <span class='ocrx_word' id='word_1_213' title='bbox 770 2363 853 2422; x_wconf 79' lang='lat' dir='ltr'>vitiis</span> <span class='ocrx_word' id='word_1_214' title='bbox 880 2364 911 2421; x_wconf 89' lang='lat' dir='ltr'>in</span> <span class='ocrx_word' id='word_1_215' title='bbox 934 2368 1036 2424; x_wconf 87' lang='lat' dir='ltr'>ventre</span> 
     </span>
    </p>

    <p class='ocr_par' dir='ltr' id='par_1_8' title="bbox 14 2451 1155 2883">
     <span class='ocr_line' id='line_1_26' title="bbox 14 2451 1113 2528; baseline 0.005 -22"><span class='ocrx_word' id='word_1_216' title='bbox 14 2461 61 2502; x_wconf 72' lang='lat' dir='ltr'>sss.</span> <span class='ocrx_word' id='word_1_217' title='bbox 77 2465 95 2508; x_wconf 94' lang='lat' dir='ltr'>s.</span> <span class='ocrx_word' id='word_1_218' title='bbox 113 2451 266 2511; x_wconf 87' lang='lat' dir='ltr'>subvenire</span> <span class='ocrx_word' id='word_1_219' title='bbox 289 2456 414 2527; x_wconf 85' lang='lat' dir='ltr'>oportet</span> <span class='ocrx_word' id='word_1_220' title='bbox 461 2452 526 2510; x_wconf 87' lang='lat' dir='ltr'>oleo</span> <span class='ocrx_word' id='word_1_221' title='bbox 555 2451 651 2510; x_wconf 86' lang='lat' dir='ltr'>calido</span> <span class='ocrx_word' id='word_1_222' title='bbox 675 2454 706 2510; x_wconf 87' lang='lat' dir='ltr'>et</span> <span class='ocrx_word' id='word_1_223' title='bbox 727 2451 792 2526; x_wconf 90' lang='lat' dir='ltr'>pice</span> <span class='ocrx_word' id='word_1_224' title='bbox 815 2452 930 2528; x_wconf 86' lang='lat' dir='ltr'>liquida</span> <span class='ocrx_word' id='word_1_225' title='bbox 952 2471 1037 2511; x_wconf 88' lang='lat' dir='ltr'>renes</span> <span class='ocrx_word' id='word_1_226' title='bbox 1055 2455 1113 2512; x_wconf 72' lang='lat'>288</span> 
     </span>
     <span class='ocr_line' id='line_1_27' title="bbox 45 2538 1037 2618; baseline 0.006 -25"><span class='ocrx_word' id='word_1_227' title='bbox 45 2538 68 2592; x_wconf 84' lang='lat' dir='ltr'>et</span> <span class='ocrx_word' id='word_1_228' title='bbox 82 2540 174 2598; x_wconf 86' lang='lat' dir='ltr'>totum</span> <span class='ocrx_word' id='word_1_229' title='bbox 192 2543 294 2618; x_wconf 83' lang='lat' dir='ltr'>tergus</span> <span class='ocrx_word' id='word_1_230' title='bbox 311 2542 472 2616; x_wconf 85' lang='lat' dir='ltr'>perfricare</span> <span class='ocrx_word' id='word_1_231' title='bbox 491 2543 609 2615; x_wconf 86' lang='lat' dir='ltr'>oportet</span> <span class='ocrx_word' id='word_1_232' title='bbox 630 2544 694 2599; x_wconf 85' lang='lat' dir='ltr'>tam</span> <span class='ocrx_word' id='word_1_233' title='bbox 712 2541 772 2616; x_wconf 72' lang='lat' dir='ltr'>diu,</span> <span class='ocrx_word' id='word_1_234' title='bbox 791 2541 883 2600; x_wconf 89' lang='lat' dir='ltr'>donec</span> <span class='ocrx_word' id='word_1_235' title='bbox 900 2541 1037 2599; x_wconf 83' lang='lat' dir='ltr'>manibus</span> 
     </span>
     <span class='ocr_line' id='line_1_28' title="bbox 45 2627 1037 2706; baseline 0.007 -27"><span class='ocrx_word' id='word_1_236' title='bbox 45 2627 241 2688; x_wconf 80' lang='lat' dir='ltr'>excalfactione</span> <span class='ocrx_word' id='word_1_237' title='bbox 261 2629 404 2705; x_wconf 83' lang='lat' dir='ltr'>patiatur,</span> <span class='ocrx_word' id='word_1_238' title='bbox 423 2633 458 2696; x_wconf 85' lang='lat' dir='ltr'>et¹</span> <span class='ocrx_word' id='word_1_239' title='bbox 476 2629 623 2688; x_wconf 86' lang='lat' dir='ltr'>auriculas</span> <span class='ocrx_word' id='word_1_240' title='bbox 646 2649 682 2688; x_wconf 85' lang='lat' dir='ltr'>ex</span> <span class='ocrx_word' id='word_1_241' title='bbox 704 2629 769 2688; x_wconf 90' lang='lat' dir='ltr'>oleo</span> <span class='ocrx_word' id='word_1_242' title='bbox 792 2647 983 2706; x_wconf 80' lang='lat' dir='ltr'>perunguere,</span> <span class='ocrx_word' id='word_1_243' title='bbox 1006 2632 1037 2687; x_wconf 91' lang='lat' dir='ltr'>et</span> 
     </span>
     <span class='ocr_line' id='line_1_29' title="bbox 47 2717 1037 2796; baseline 0.003 -23"><span class='ocrx_word' id='word_1_244' title='bbox 47 2729 122 2773; x_wconf 70' lang='lat' dir='ltr'>anum</span> <span class='ocrx_word' id='word_1_245' title='bbox 143 2722 173 2776; x_wconf 88' lang='lat' dir='ltr'>et</span> <span class='ocrx_word' id='word_1_246' title='bbox 194 2721 330 2777; x_wconf 85' lang='lat' dir='ltr'>ventrem</span> <span class='ocrx_word' id='word_1_247' title='bbox 353 2722 383 2777; x_wconf 86' lang='lat' dir='ltr'>et</span> <span class='ocrx_word' id='word_1_248' title='bbox 405 2718 558 2778; x_wconf 84' lang='lat' dir='ltr'>testiculos</span> <span class='ocrx_word' id='word_1_249' title='bbox 580 2737 735 2796; x_wconf 84' lang='lat' dir='ltr'>perunges.</span> <span class='ocrx_word' id='word_1_250' title='bbox 772 2722 802 2776; x_wconf 90' lang='lat' dir='ltr'>et</span> <span class='ocrx_word' id='word_1_251' title='bbox 821 2718 913 2777; x_wconf 88' lang='lat' dir='ltr'>salem</span> <span class='ocrx_word' id='word_1_252' title='bbox 931 2717 1037 2776; x_wconf 76' lang='lat' dir='ltr'>tritium</span> 
     </span>
     <span class='ocr_line' id='line_1_30' title="bbox 46 2802 1155 2883; baseline 0.003 -22"><span class='ocrx_word' id='word_1_253' title='bbox 46 2805 69 2858; x_wconf 81' lang='lat' dir='ltr'>el</span> <span class='ocrx_word' id='word_1_254' title='bbox 86 2806 167 2865; x_wconf 88' lang='lat' dir='ltr'>melle</span> <span class='ocrx_word' id='word_1_255' title='bbox 195 2807 322 2866; x_wconf 84' lang='lat' dir='ltr'>mixtum</span> <span class='ocrx_word' id='word_1_256' title='bbox 348 2808 495 2866; x_wconf 88' lang='lat' dir='ltr'>inanum</span> <span class='ocrx_word' id='word_1_257' title='bbox 524 2806 657 2883; x_wconf 64' lang='lat' dir='ltr'>subicim,</span> <span class='ocrx_word' id='word_1_258' title='bbox 687 2810 718 2866; x_wconf 86' lang='lat' dir='ltr'>et</span> <span class='ocrx_word' id='word_1_259' title='bbox 747 2826 814 2864; x_wconf 89' lang='lat' dir='ltr'>eum</span> <span class='ocrx_word' id='word_1_260' title='bbox 842 2807 874 2864; x_wconf 92' lang='lat' dir='ltr'>in</span> <span class='ocrx_word' id='word_1_261' title='bbox 904 2806 1036 2865; x_wconf 88' lang='lat' dir='ltr'>ambula·</span> <span class='ocrx_word' id='word_1_262' title='bbox 1097 2837 1099 2842; x_wconf 37' lang='lat' dir='ltr'>v</span> <span class='ocrx_word' id='word_1_263' title='bbox 1148 2802 1155 2854; x_wconf 64' lang='grc' dir='ltr'>ἶ</span> 
     </span>
    </p>
   </div>
   <div class='ocr_carea' id='block_1_3' title="bbox 46 3027 1086 3595">
    <p class='ocr_par' dir='ltr' id='par_1_9' title="bbox 46 3027 1086 3595">
     <span class='ocr_line' id='line_1_31' title="bbox 104 3027 1038 3100; baseline 0.002 -20"><span class='ocrx_word' id='word_1_264' title='bbox 104 3036 115 3080; x_wconf 94' lang='grc'>1</span> <span class='ocrx_word' id='word_1_265' title='bbox 139 3029 200 3100; x_wconf 81' lang='lat' dir='ltr'>ch.</span> <span class='ocrx_word' id='word_1_266' title='bbox 220 3030 310 3084; x_wconf 78' lang='lat'><strong><em>1123</em></strong></span> <span class='ocrx_word' id='word_1_267' title='bbox 330 3031 335 3098; x_wconf 94' lang='grc' dir='ltr'>Ι</span> <span class='ocrx_word' id='word_1_268' title='bbox 360 3035 423 3084; x_wconf 77' lang='lat' dir='ltr'>aute</span> <span class='ocrx_word' id='word_1_269' title='bbox 446 3027 567 3082; x_wconf 84' lang='lat' dir='ltr'>similem</span> <span class='ocrx_word' id='word_1_270' title='bbox 581 3035 635 3086; x_wconf 69' lang='lat' dir='ltr'>,aut</span> <span class='ocrx_word' id='word_1_271' title='bbox 652 3035 715 3083; x_wconf 78' lang='lat' dir='ltr'>ante</span> <span class='ocrx_word' id='word_1_272' title='bbox 733 3027 799 3082; x_wconf 90' lang='lat' dir='ltr'>huic</span> <span class='ocrx_word' id='word_1_273' title='bbox 816 3029 844 3098; x_wconf 89' lang='lat' dir='ltr'>(l.</span> <span class='ocrx_word' id='word_1_274' title='bbox 861 3031 890 3097; x_wconf 79' lang='lat'>2)</span> <span class='ocrx_word' id='word_1_275' title='bbox 910 3029 1038 3084; x_wconf 69' lang='lat' dir='ltr'>tumeam</span> 
     </span>
     <span class='ocr_line' id='line_1_32' title="bbox 46 3098 1037 3171; baseline 0.002 -22"><span class='ocrx_word' id='word_1_276' title='bbox 46 3101 125 3154; x_wconf 75' lang='lat' dir='ltr'>dulcit</span> <span class='ocrx_word' id='word_1_277' title='bbox 149 3101 176 3154; x_wconf 94' lang='lat' dir='ltr'><em>B</em></span> <span class='ocrx_word' id='word_1_278' title='bbox 203 3103 212 3170; x_wconf 77' lang='lat' dir='ltr'>ll</span> <span class='ocrx_word' id='word_1_279' title='bbox 239 3106 255 3153; x_wconf 74' lang='lat'><strong>2</strong></span> <span class='ocrx_word' id='word_1_280' title='bbox 282 3099 313 3154; x_wconf 90' lang='lat' dir='ltr'>in</span> <span class='ocrx_word' id='word_1_281' title='bbox 336 3116 452 3154; x_wconf 85' lang='lat' dir='ltr'>manum</span> <span class='ocrx_word' id='word_1_282' title='bbox 478 3102 487 3169; x_wconf 76' lang='grc' dir='ltr'>ΙΙ</span> <span class='ocrx_word' id='word_1_283' title='bbox 514 3105 531 3152; x_wconf 86' lang='grc'>4</span> <span class='ocrx_word' id='word_1_284' title='bbox 554 3116 571 3152; x_wconf 83' lang='lat' dir='ltr'>a</span> <span class='ocrx_word' id='word_1_285' title='bbox 594 3101 693 3154; x_wconf 85' lang='lat' dir='ltr'>dextra</span> <span class='ocrx_word' id='word_1_286' title='bbox 716 3100 777 3168; x_wconf 78' lang='lat' dir='ltr'>ch.</span> <span class='ocrx_word' id='word_1_287' title='bbox 806 3103 815 3167; x_wconf 88' lang='lat' dir='ltr'>l</span> <span class='ocrx_word' id='word_1_288' title='bbox 843 3107 858 3152; x_wconf 80' lang='lat'><strong>5</strong></span> <span class='ocrx_word' id='word_1_289' title='bbox 882 3098 1006 3152; x_wconf 83' lang='lat' dir='ltr'>abauum</span> <span class='ocrx_word' id='word_1_290' title='bbox 1027 3099 1037 3171; x_wconf 71' lang='lat' dir='ltr'>ll</span> 
     </span>
     <span class='ocr_line' id='line_1_33' title="bbox 48 3169 1036 3240; baseline -0.001 -17"><span class='ocrx_word' id='word_1_291' title='bbox 48 3169 59 3216; x_wconf 84' lang='grc'>6</span> <span class='ocrx_word' id='word_1_292' title='bbox 73 3170 238 3226; x_wconf 85' lang='lat' dir='ltr'>mixtionem:</span> <span class='ocrx_word' id='word_1_293' title='bbox 264 3169 416 3225; x_wconf 88' lang='lat' dir='ltr'>motionem</span> <span class='ocrx_word' id='word_1_294' title='bbox 436 3170 476 3238; x_wconf 81' lang='lat' dir='ltr'>B3</span> <span class='ocrx_word' id='word_1_295' title='bbox 495 3170 675 3225; x_wconf 82' lang='lat' dir='ltr'>minutionem</span> <span class='ocrx_word' id='word_1_296' title='bbox 689 3185 824 3240; x_wconf 84' lang='lat' dir='ltr'>provocas</span> <span class='ocrx_word' id='word_1_297' title='bbox 844 3170 905 3240; x_wconf 75' lang='lat' dir='ltr'>ch.</span> <span class='ocrx_word' id='word_1_298' title='bbox 920 3171 959 3239; x_wconf 85' lang='grc'>118</span> <span class='ocrx_word' id='word_1_299' title='bbox 974 3170 1036 3239; x_wconf 81' lang='lat' dir='ltr'>ch.</span> 
     </span>
     <span class='ocr_line' id='line_1_34' title="bbox 47 3235 1035 3312; baseline 0.002 -19"><span class='ocrx_word' id='word_1_300' title='bbox 47 3235 118 3294; x_wconf 76' lang='grc'>1124</span> <span class='ocrx_word' id='word_1_301' title='bbox 143 3245 153 3312; x_wconf 69' lang='lat' dir='ltr'>ll</span> <span class='ocrx_word' id='word_1_302' title='bbox 180 3249 213 3295; x_wconf 85' lang='lat'>13</span> <span class='ocrx_word' id='word_1_303' title='bbox 231 3241 359 3297; x_wconf 87' lang='lat' dir='ltr'>invenies</span> <span class='ocrx_word' id='word_1_304' title='bbox 384 3243 449 3296; x_wconf 83' lang='lat' dir='ltr'>odd.</span> <span class='ocrx_word' id='word_1_305' title='bbox 478 3241 540 3312; x_wconf 77' lang='lat' dir='ltr'>ch.</span> <span class='ocrx_word' id='word_1_306' title='bbox 563 3244 573 3310; x_wconf 81' lang='grc' dir='ltr'>ΙΙ</span> <span class='ocrx_word' id='word_1_307' title='bbox 596 3247 630 3294; x_wconf 84' lang='grc'>14</span> <span class='ocrx_word' id='word_1_308' title='bbox 657 3240 837 3294; x_wconf 83' lang='lat' dir='ltr'>cheudiones:</span> <span class='ocrx_word' id='word_1_309' title='bbox 860 3241 978 3306; x_wconf 69' lang='lat' dir='ltr'>correxi,</span> <span class='ocrx_word' id='word_1_310' title='bbox 994 3242 1035 3307; x_wconf 77' lang='lat' dir='ltr'>cf.</span> 
     </span>
     <span class='ocr_line' id='line_1_35' title="bbox 47 3311 1038 3382; baseline -0.001 -16"><span class='ocrx_word' id='word_1_311' title='bbox 47 3321 115 3376; x_wconf 67' lang='lat' dir='ltr'>luero</span> <span class='ocrx_word' id='word_1_312' title='bbox 132 3318 186 3368; x_wconf 83' lang='grc'>185</span> <span class='ocrx_word' id='word_1_313' title='bbox 204 3320 228 3368; x_wconf 81' lang='lat' dir='ltr'>et</span> <span class='ocrx_word' id='word_1_314' title='bbox 246 3317 303 3370; x_wconf 75' lang='lat'>225</span> <span class='ocrx_word' id='word_1_315' title='bbox 322 3315 332 3381; x_wconf 77' lang='grc' dir='ltr'>ΙΙ</span> <span class='ocrx_word' id='word_1_316' title='bbox 359 3318 392 3366; x_wconf 91' lang='grc'>16</span> <span class='ocrx_word' id='word_1_317' title='bbox 411 3311 468 3367; x_wconf 89' lang='lat' dir='ltr'>cibi</span> <span class='ocrx_word' id='word_1_318' title='bbox 493 3314 502 3382; x_wconf 83' lang='grc' dir='ltr'>ΙΙ</span> <span class='ocrx_word' id='word_1_319' title='bbox 528 3317 561 3365; x_wconf 80' lang='grc'>17</span> <span class='ocrx_word' id='word_1_320' title='bbox 581 3312 730 3366; x_wconf 88' lang='lat' dir='ltr'>cohaerent</span> <span class='ocrx_word' id='word_1_321' title='bbox 747 3313 780 3364; x_wconf 90' lang='lat' dir='ltr'>ut</span> <span class='ocrx_word' id='word_1_322' title='bbox 801 3312 863 3367; x_wconf 83' lang='lat' dir='ltr'>Vc.</span> <span class='ocrx_word' id='word_1_323' title='bbox 889 3314 898 3380; x_wconf 74' lang='lat' dir='ltr'>ll</span> <span class='ocrx_word' id='word_1_324' title='bbox 924 3316 957 3365; x_wconf 88' lang='lat'>18</span> <span class='ocrx_word' id='word_1_325' title='bbox 980 3328 1038 3366; x_wconf 91' lang='lat' dir='ltr'>non</span> 
     </span>
     <span class='ocr_line' id='line_1_36' title="bbox 47 3379 1086 3456; baseline 0.004 -22"><span class='ocrx_word' id='word_1_326' title='bbox 47 3379 128 3436; x_wconf 75' lang='lat' dir='ltr'>addidi</span> <span class='ocrx_word' id='word_1_327' title='bbox 161 3383 253 3454; x_wconf 74' lang='lat' dir='ltr'>pariet</span> <span class='ocrx_word' id='word_1_328' title='bbox 267 3386 297 3439; x_wconf 92' lang='lat' dir='ltr'>et</span> <span class='ocrx_word' id='word_1_329' title='bbox 313 3385 375 3454; x_wconf 66' lang='lat' dir='ltr'>siclt</span> <span class='ocrx_word' id='word_1_330' title='bbox 388 3390 423 3453; x_wconf 69' lang='grc'>19</span> <span class='ocrx_word' id='word_1_331' title='bbox 438 3400 535 3452; x_wconf 83' lang='lat' dir='ltr'>quam:</span> <span class='ocrx_word' id='word_1_332' title='bbox 554 3399 610 3451; x_wconf 86' lang='lat' dir='ltr'>qua</span> <span class='ocrx_word' id='word_1_333' title='bbox 628 3382 718 3452; x_wconf 72' lang='lat' dir='ltr'>reBll</span> <span class='ocrx_word' id='word_1_334' title='bbox 733 3387 766 3435; x_wconf 82' lang='lat'>20</span> <span class='ocrx_word' id='word_1_335' title='bbox 780 3385 808 3436; x_wconf 87' lang='lat' dir='ltr'>et</span> <span class='ocrx_word' id='word_1_336' title='bbox 846 3383 1037 3456; x_wconf 72' lang='lat' dir='ltr'>epzexldare</span> <span class='ocrx_word' id='word_1_337' title='bbox 1083 3438 1086 3446; x_wconf 80' lang='grc'><strong>,</strong></span> 
     </span>
     <span class='ocr_line' id='line_1_37' title="bbox 51 3446 1038 3526; baseline -0.001 -18"><span class='ocrx_word' id='word_1_338' title='bbox 51 3446 111 3520; x_wconf 70' lang='lat' dir='ltr'>ch:</span> <span class='ocrx_word' id='word_1_339' title='bbox 125 3471 139 3508; x_wconf 89' lang='lat' dir='ltr'>e</span> <span class='ocrx_word' id='word_1_340' title='bbox 151 3471 197 3509; x_wconf 85' lang='lat' dir='ltr'>are</span> <span class='ocrx_word' id='word_1_341' title='bbox 210 3457 219 3525; x_wconf 71' lang='lat' dir='ltr'>ll</span> <span class='ocrx_word' id='word_1_342' title='bbox 234 3461 268 3508; x_wconf 76' lang='lat'>22</span> <span class='ocrx_word' id='word_1_343' title='bbox 288 3470 394 3509; x_wconf 84' lang='lat' dir='ltr'>eoscos:</span> <span class='ocrx_word' id='word_1_344' title='bbox 414 3471 482 3510; x_wconf 83' lang='lat' dir='ltr'>corr.</span> <span class='ocrx_word' id='word_1_345' title='bbox 503 3454 563 3524; x_wconf 75' lang='lat' dir='ltr'>ch.</span> <span class='ocrx_word' id='word_1_346' title='bbox 585 3455 588 3524; x_wconf 74' lang='lat' dir='ltr'>l</span> <span class='ocrx_word' id='word_1_347' title='bbox 609 3454 760 3512; x_wconf 82' lang='lat' dir='ltr'>tumeleos:</span> <span class='ocrx_word' id='word_1_348' title='bbox 779 3471 847 3510; x_wconf 77' lang='lat' dir='ltr'>corr.</span> <span class='ocrx_word' id='word_1_349' title='bbox 868 3455 927 3526; x_wconf 72' lang='lat' dir='ltr'>ch.</span> <span class='ocrx_word' id='word_1_350' title='bbox 943 3457 949 3524; x_wconf 81' lang='grc' dir='ltr'>Ι</span> <span class='ocrx_word' id='word_1_351' title='bbox 965 3453 1011 3508; x_wconf 90' lang='lat' dir='ltr'>oui</span> <span class='ocrx_word' id='word_1_352' title='bbox 1028 3455 1038 3526; x_wconf 71' lang='lat' dir='ltr'>ll</span> 
     </span>
     <span class='ocr_line' id='line_1_38' title="bbox 49 3522 775 3595; baseline 0.003 -18"><span class='ocrx_word' id='word_1_353' title='bbox 49 3522 74 3571; x_wconf 75' lang='lat'>25</span> <span class='ocrx_word' id='word_1_354' title='bbox 89 3524 174 3580; x_wconf 80' lang='lat' dir='ltr'>calido</span> <span class='ocrx_word' id='word_1_355' title='bbox 190 3533 252 3595; x_wconf 82' lang='lat' dir='ltr'>post</span> <span class='ocrx_word' id='word_1_356' title='bbox 268 3525 379 3593; x_wconf 88' lang='lat' dir='ltr'>liquida</span> <span class='ocrx_word' id='word_1_357' title='bbox 394 3527 513 3594; x_wconf 77' lang='lat' dir='ltr'>positmo</span> <span class='ocrx_word' id='word_1_358' title='bbox 527 3527 536 3594; x_wconf 76' lang='lat' dir='ltr'>ll</span> <span class='ocrx_word' id='word_1_359' title='bbox 550 3530 583 3578; x_wconf 77' lang='lat'>27</span> <span class='ocrx_word' id='word_1_360' title='bbox 602 3540 775 3595; x_wconf 80' lang='lat' dir='ltr'>perunguere</span> 
     </span>
    </p>
   </div>
   <div class='ocr_carea' id='block_1_4' title="bbox 0 0 1241 3902">
    <p class='ocr_par' dir='ltr' id='par_1_10' title="bbox 0 0 1241 3902">
     <span class='ocr_line' id='line_1_39' title="bbox 0 0 1241 3902; baseline 0 0"><span class='ocrx_word' id='word_1_361' title='bbox 0 0 1241 3902; x_wconf 95' lang='lat' dir='ltr'> </span> 
     </span>
    </p>
   </div>
  </div>
 </body>
</html>
