2512 3906
189 168 213 231 4
407 163 701 219 MULOMEDIOINA
719 162 889 219 OHIRONIS
909 169 933 218 2.
953 170 968 217 3

259 319 302 377 20
325 316 350 375 si
374 315 454 394 quod
476 313 642 373 iumentum
670 314 817 390 aquatilia
844 313 983 372 habuerit
1008 313 1040 371 in
1068 314 1198 373 articulis

260 407 299 464 21
334 405 361 465 si
390 403 470 480 quod
506 403 672 462 iumentum
710 402 748 461 ab
776 422 863 462 onere
895 421 1066 478 percussum
1097 422 1198 462 nervos

405 491 584 568 praeciderit

260 585 302 642 22
326 583 352 642 si
375 581 455 658 quod
477 581 643 640 iumentum
665 599 767 639 scaure
790 580 903 638 factum
925 579 1017 639 suerit

260 674 301 730 23
326 671 351 730 si
373 671 539 729 iumentum
562 671 629 728 rota
651 669 786 728 insecuta
808 668 900 727 suerit
921 670 1055 728 recenter
1247 713 1248 722 ,

261 762 303 819 24
326 761 353 820 si
375 759 523 836 aquatilia
545 758 658 816 fuerint
679 759 711 816 in
734 757 868 816 articulis
891 757 999 816 autin
1021 758 1137 836 gambis
1247 789 1248 792 ¹

261 850 302 908 25
328 849 363 907 de
385 849 519 907 reumate
542 847 651 923 pedum

262 939 302 997 26
329 938 364 996 de
386 936 585 1014 impetigines,
609 935 641 994 id
663 938 710 994 est
731 935 842 994 licenas

261 1029 303 1086 27
328 1026 364 1084 de
387 1025 500 1103 uligine
523 1043 599 1100 quae
622 1027 785 1084 nascuntur
807 1024 839 1082 in
861 1023 986 1100 pedibus

263 1117 303 1176 28
329 1115 364 1173 de
388 1114 490 1173 morbo
514 1113 609 1172 renali
631 1113 832 1172 iumentorum

34 1367 222 1434 10411211
245 1363 317 1440 quid
340 1363 419 1421 enim
448 1383 501 1438 per
529 1362 733 1440 ignorantiam
761 1362 839 1420 male
869 1362 982 1420 factum
1013 1361 1062 1420 vel
1089 1363 1201 1420 contra·

144 1533 147 1540 ,
191 1455 270 1514 rium
291 1452 369 1512 circa
388 1451 564 1510 animalium
582 1469 708 1527 corpora
724 1451 823 1526 fuerit,
848 1450 999 1510 emendari
1017 1469 1078 1509 non
1096 1451 1200 1526 potest,
1247 1519 1248 1534 ἶ

191 1542 323 1604 vincitur
345 1541 424 1600 enim
447 1559 553 1616 corpus
571 1541 672 1598 anima
691 1539 811 1599 cedente
825 1557 882 1614 per
899 1539 1073 1616 periculum.
1107 1539 1200 1614 prima

194 1650 264 1709 ergo
283 1649 353 1706 pars
371 1633 417 1688 est
434 1629 598 1689 medicinae
617 1647 773 1688 causarum
787 1629 934 1687 rationem
948 1628 1078 1703 reddere,
1101 1627 1201 1687 dando
1211 1634 1229 1675 1⁵
1247 1625 1248 1696 ζ

193 1722 260 1798 ipsa
278 1719 428 1778 adiutoria
451 1717 614 1777 medicinae
638 1718 741 1776 docere
766 1719 893 1794 oportet,
917 1717 1065 1792 quomodo
1088 1716 1201 1792 possint
1247 1713 1248 1718 ’

194 1809 338 1870 auxilium
355 1807 472 1867 salubre
486 1807 603 1882 corpori
617 1809 768 1882 praestare
782 1809 906 1882 propter
919 1806 1092 1864 diuturnam
1109 1805 1200 1864 vitam
1247 1807 1248 1883 J

195 1900 226 1957 et
246 1897 452 1974 integritatem
481 1896 687 1954 membrorum.
735 1895 841 1970 quibus
870 1895 973 1970 itaque
1002 1893 1089 1952 rebus
1112 1893 1200 1952 medi·
1247 1953 1248 1956 ,

195 1986 279 2046 cinae
305 1988 426 2046 sacratio
452 1985 603 2044 veterinae
636 1985 752 2043 constet
783 1986 889 2059 onmis,
920 2003 955 2041 ex
985 1982 1091 2058 quibus
1122 1982 1201 2041 adiu·
1247 1981 1248 1987 '

194 2075 281 2134 toriis
310 2077 400 2150 atque
424 2119 430 2132 .
455 2119 461 2130 .
486 2091 612 2148 corporo
638 2073 838 2131 iumentorum
867 2071 979 2130 malam
1007 2071 1200 2130 valitudinem
1211 2073 1248 2118 20'

196 2169 223 2224 et
250 2181 339 2222 causa
362 2162 484 2220 liberari
506 2161 634 2237 possint,
663 2163 694 2219 et
721 2181 838 2220 omnem
861 2179 963 2220 curam
985 2160 1201 2219 rationabiliter
1247 2159 1248 2164 ’

196 2253 300 2311 docere
324 2252 450 2327 oportet.
496 2251 625 2326 primum
648 2250 713 2308 dico
737 2250 772 2308 de
796 2249 949 2327 sanguinis
972 2249 1126 2310 mantione.

158 2339 178 2395 3
263 2340 280 2398 Ι
309 2339 527 2398 Firmissimum
563 2338 744 2397 adiutorium
776 2341 821 2397 est
851 2338 1014 2397 medicinae
1052 2327 1201 2416 sanguinis
1247 2331 1248 2410 j

197 2429 358 2504 detractio,
387 2448 491 2487 verum
516 2430 617 2486 tamen
641 2427 666 2486 si
688 2427 909 2486 rationabiliter
932 2429 962 2485 et
983 2426 1121 2485 localiter
1142 2427 1200 2484 fiat.

196 2517 268 2577 licet
295 2537 389 2594 paene
416 2517 448 2575 in
479 2516 614 2575 omnibus
636 2516 852 2575 solitudinibus
878 2515 946 2573 'fieri
975 2511 1137 2592 sanguinis
1156 2515 1248 2596 de-25,

197 2607 306 2666 tractio
329 2605 543 2682 praecipiatur,
576 2624 663 2681 saepe
693 2607 793 2663 tamen
823 2603 1032 2681 ignorantibus
1059 2603 1203 2663 rationem

197 2717 251 2773 per
280 2695 433 2772 sanguinis
463 2694 677 2753 detractionem
705 2693 870 2769 periculum
894 2693 975 2752 vitae
1005 2692 1108 2752 fecisse
1138 2711 1203 2752 con-

198 2784 298 2862 tingit.
343 2803 404 2843 non
434 2783 512 2841 enim
542 2783 679 2841 similiter
705 2783 786 2842 omni
813 2785 911 2841 aetate
936 2782 1136 2840 iumentorum
1157 2779 1204 2841 vel

271 3030 304 3078 12
319 3024 431 3078 initiam
445 3023 533 3092 operis
546 3024 702 3078 mutilatam
715 3029 830 3092 apparet
842 3025 852 3090 u
866 3028 900 3076 14
913 3039 963 3092 per
977 3021 1041 3076 add.
1056 3021 1187 3090 Wo'lfflia
1195 3017 1205 3091 ΙΙ

201 3100 402 3150 recursurum
416 3121 449 3140 ==
463 3094 623 3148 morborum
644 3095 649 3165 1
675 3092 775 3148 deinde
798 3093 863 3148 cdd.
886 3093 925 3148 W
941 3096 951 3164 ΙΙ
972 3097 1050 3162 1811.
1068 3091 1205 3148 medicina

199 3165 296 3219 nescia
317 3165 461 3221 veterinae
489 3167 598 3219 constet
621 3181 735 3233 nomen,
764 3180 798 3218 ex
826 3163 926 3234 quibus
951 3163 1100 3222 adiutoriis
1123 3165 1205 3232 atque

200 3252 315 3306 corpore
328 3235 517 3292 iumentorum
525 3235 631 3290 malam
644 3234 831 3290 valitudinem
847 3251 933 3290 causa
946 3237 976 3289 et
989 3251 1102 3289 omnem
1113 3251 1206 3290 curam

200 3306 316 3362 liberari
333 3306 443 3378 possint
459 3305 679 3362 rationabiliter:
695 3309 856 3376 portatque
870 3307 981 3376 suppleo
998 3307 1055 3374 fere
1068 3305 1204 3361 remediis.

201 3379 293 3433 Pmdo
312 3379 392 3434 aliter
414 3379 456 3433 W:
476 3379 586 3433 constet
603 3377 728 3446 nomine,
748 3394 770 3432 e.
786 3395 831 3446 qu.
847 3378 892 3432 ad.
911 3393 1029 3448 corpora
1046 3377 1113 3434 ium.
1131 3376 1206 3431 mala

200 3447 359 3514 valitudine
377 3451 463 3517 atque
482 3465 567 3523 causa
584 3465 638 3518 sqq.
666 3450 675 3518 ΙΙ
703 3454 736 3502 22
756 3456 859 3518 sagwis
879 3450 884 3520 Ι
904 3447 1078 3504 detractione
1101 3449 1144 3518 W,
1162 3463 1206 3502 ex-

200 3519 340 3575 tractione
358 3521 442 3576 iudex
459 3521 642 3590 capitulorum
655 3522 664 3590 ΙΙ
678 3525 711 3573 23
735 3521 859 3591 Vegetius
876 3521 898 3574 I
911 3523 946 3576 21
