2512 3906
524 162 736 216 PRAEFATIO.
1079 165 1117 216 XI

188 313 296 388 Neque
332 312 365 370 id
401 313 511 370 mirum
546 312 678 388 videtur,
717 314 857 388 quoniam
890 314 1119 389 compositiones

100 403 385 461 medicamentorum
398 420 471 476 prae
490 403 595 460 ceteris
613 401 748 477 partibus
768 421 889 479 opermn
908 402 988 479 apud
1005 405 1118 461 111111-

101 510 158 566 que
176 493 287 549 testem
304 489 431 566 pessime
452 492 582 550 aetatem
599 490 741 549 tulerunt.
788 494 821 549 at
838 490 982 569 Vegetius
1001 483 1118 573 (paucis

4 602 9 661 g
99 581 136 638 iis
165 581 240 638 locis
269 579 412 654 exeeptis,
442 581 474 636 in
502 578 608 654 quibus
636 579 815 655 Pelagonius
843 597 909 638 cum
934 579 1060 640 Chirone
1089 582 1119 639 et

5 672 9 683 '
99 670 235 744 Apsyrto
255 669 362 742 quater
384 660 629 746 coniungiturlp,
652 687 687 726 ex
711 667 817 743 quibus
837 668 1028 744 scriptoribus
1046 669 1119 728 hau·

99 757 187 831 serit,
218 775 279 815 non
310 755 450 832 prodidit.
500 756 592 815 immo
625 756 755 816 affirmat
786 775 893 832 parum
925 760 1061 816 accurate
1089 761 1120 816 et

98 847 193 904 bucca
225 846 316 920 plena
342 863 373 904 se
402 853 445 904 ex'
465 839 624 904 ‘diversis'
651 846 700 904 vel
728 839 863 904 ‘multis'
891 846 939 904 vel
967 840 1119 905 ‘omnibus

101 934 277 993 auctoribus
305 933 460 993 enucleata
488 927 699 1011 collegisse.'²)
747 933 820 1010 quid
843 934 922 1010 quod
944 934 1119 992 Mulomedi-

99 1024 169 1081 cina
188 1023 306 1081 detecta
324 1023 513 1098 cognoscitur
531 1042 607 1098 eum,
630 1023 835 1100 Pelagoniaua
854 1024 879 1081 si
897 1023 1046 1098 detrahas,
1066 1041 1120 1081 sua

8 1142 15 1155 ·
99 1112 170 1170 inde
198 1111 260 1169 fere
285 1111 385 1170 omnia
412 1111 601 1187 impudenter
628 1109 866 1187 deprompsisse?
912 1130 982 1170 sane
1010 1113 1119 1170 retrac-

99 1201 181 1260 tavit
198 1199 462 1259 Mulomedicinam
483 1201 537 1275 ita,
559 1202 594 1258 ut
612 1201 781 1275 squalorem
799 1200 941 1260 sermonis
960 1201 1120 1278 diligenter

100 1290 287 1366 abstergeret
310 1291 341 1346 et
362 1307 434 1365 prae
460 1288 585 1348 Chirone
608 1288 703 1347 latino
726 1290 810 1348 velut
832 1289 909 1348 alter
932 1287 1033 1348 Cicero
1056 1307 1119 1348 esse

99 1377 252 1436 videatur:
280 1378 438 1436 materiam
464 1397 535 1437 vero
563 1377 743 1436 uberrimum
770 1381 801 1436 et
823 1378 955 1436 ordinem
978 1397 1078 1437 rerum
1102 1397 1120 1436 a

100 1465 231 1525 Ohiroue
251 1467 323 1525 olim
341 1467 537 1525 constitutum
557 1469 609 1524 aut
626 1467 775 1525 mordicus
791 1469 891 1525 tenuit
909 1468 962 1525 aut
980 1469 1012 1525 in
1034 1467 1118 1542 peius

99 1546 273 1631 mutavit.³)
304 1573 380 1629 quee
399 1574 465 1614 oum
479 1557 524 1616 ita
542 1555 612 1630 siut,
626 1555 785 1632 Vegetium
800 1555 1024 1631 compilatorem
1038 1556 1118 1614 vilis·

5 1780 10 1805 ,
175 1743 202 1810 1)
222 1741 349 1810 Apparet
362 1740 531 1810 Pelagonius
545 1740 619 1794 inter
634 1740 782 1795 Chironem
796 1744 825 1795 et
838 1743 993 1810 Apsyrtum
1002 1741 1070 1810 Veg.
1081 1740 1120 1795 VI

103 1818 146 1878 13,
159 1818 187 1876 3;
210 1817 290 1880 14‚a;
310 1816 392 1878 2⁷‚33
412 1829 477 1865 cum
495 1812 614 1866 Chirone
632 1811 691 1866 solo
710 1812 778 1881 Veg.
799 1812 811 1865 I
832 1818 872 1878 17,
885 1817 925 1865 16.

176 1884 204 1951 2)
226 1882 349 1936 ‘Diversi
369 1885 511 1937 auctores'
531 1883 600 1952 Vag.
619 1882 646 1935 Π
665 1889 747 1950 36,2;
766 1883 804 1935 ΙΠ
823 1889 865 1949 21,
878 1889 905 1947 1;
924 1882 963 1936 Ν
981 1883 1069 1952 praef.
1090 1890 1119 1947 23

98 1955 137 2008 VI
158 1959 202 2021 27,
213 1959 237 2008 8.
282 1953 434 2008 ‘universi’
459 1954 472 2006 I
494 1954 582 2024 praef.
607 1960 632 2020 6,
656 1954 690 2008 cf.
718 1970 810 2024 supra.
854 1955 980 2008 ‘omnes’
1005 1955 1018 2006 I
1042 1960 1118 2022 l‘l‚6.

99 2025 218 2079 ‘multi'
237 2024 277 2077 ΠΙ
291 2030 341 2091 8,1
361 2024 400 2078 Vl
415 2029 474 2091 11.
514 2024 660 2094 ‘plurimi'
680 2025 786 2092 1111.
823 2024 989 2094 plerumque
1011 2025 1120 2095 relegat

98 2097 237 2166 Vegetius
256 2095 286 2148 in
306 2096 461 2150 ‘auctores’
482 2096 736 2166 (aliquanti-alii).

173 2169 200 2236 3)
219 2166 281 2220 Hoc
294 2166 325 2219 in
337 2167 498 2220 universum
513 2167 569 2220 dici
582 2169 677 2237 potest
692 2167 868 2236 singularum
880 2167 1005 2237 partium
1022 2168 1120 2221 ordine

99 2239 178 2308 apud
200 2241 353 2305 utrumque
377 2238 426 2307 qui
445 2241 488 2292 est
506 2237 693 2292 multifariam
710 2237 891 2307 perturbatus
909 2255 965 2291 non
983 2241 1118 2308 respecto.

98 2313 220 2378 uterque
229 2308 321 2378 primo
332 2308 513 2378 amplectitur
525 2308 670 2380 passiones
687 2310 894 2378 ‘quaecumque
908 2309 972 2378 plus
986 2310 1119 2363 iumentis

99 2380 221 2449 periculi
244 2379 347 2433 inferre
366 2383 569 2434 consueverunt
587 2383 616 2434 et
635 2379 841 2434 difficilioribus
858 2380 1120 2448 obscurioribusque

99 2451 232 2520 indigent
251 2451 340 2504 curis’
359 2450 438 2521 (Veg.
453 2450 529 2520 111),
553 2451 587 2504 ef.
602 2451 716 2504 Mulom.
732 2451 781 2504 lib.
796 2451 835 2504 ΙΠ
848 2456 916 2504 1-8
935 2453 961 2521 (ξ
979 2457 1119 2505 115-255

99 2522 193 2592 iufra).
232 2522 335 2574 deinde
359 2524 477 2590 uterquc
504 2521 629 2589 sequitur
655 2522 793 2576 ‘ordinem
819 2525 960 2576 enatura
983 2522 1082 2576 datum
1103 2539 1120 2575 a

99 2593 205 2646 vertice
223 2609 313 2660 usqua
332 2593 370 2645 11
387 2593 520 2718 ungslas’
536 2593 614 2662 (Veg.
633 2593 660 2645 II
679 2599 721 2659 36,
737 2595 772 2662 2),
791 2593 826 2646 cf.
845 2593 919 2647 infra
939 2598 1118 2660 §asc-519.

100 2664 183 2717 initio
212 2679 276 2716 vero
304 2663 396 2733 operis
466 2663 540 2730 iron,
568 2666 720 2732 antequam
749 2664 786 2718 ad
812 2665 923 2718 morbos
955 2664 1120 2717 interiorum

100 2735 228 2804 partium
246 2735 371 2804 corporis
390 2735 474 2800 venit,
494 2735 665 2804 chirurgiam
683 2738 790 2789 tractat
803 2735 853 2803 ita,
867 2738 899 2790 ut
914 2752 931 2788 a
946 2735 1120 2788 detractione

101 2805 248 2876 sanguinis
263 2808 292 2859 et
305 2806 417 2859 ustione
432 2805 559 2874 incipiat,
575 2805 609 2859 cf.
624 2805 699 2859 infra
713 2811 728 2871 ξ
740 2812 834 2860 2-55.
868 2809 898 2859 at
909 2805 1044 2875 Vegetius
1059 2805 1121 2873 agit

7 2926 14 2951 ,
100 2877 192 2945 primo
218 2876 281 2930 loco
307 2877 342 2929 de
366 2876 469 2930 malleo
495 2875 592 2930 morbo
617 2876 630 2929 1
657 2882 752 2944 1—20‚
778 2877 880 2930 deinde
906 2877 941 2929 11
963 2875 1120 2929 minutione

8 2954 13 2963 '
102 2947 248 3016 sanguinis
266 2949 295 3001 et
310 2947 434 3001 cauterio
448 2948 461 3000 I
476 2953 589 3002 21-28.
626 2947 701 3001 redit
714 2947 797 3002 initio
812 2947 878 3001 libri
891 2946 925 3013 11,
940 2962 1024 3015 quem
1038 2947 1120 3016 fingit

102 3017 267 3085 Schneider,
296 3019 334 3072 11
359 3019 469 3072 morbos
497 3019 638 3088 graviores
665 3019 793 3073 intestini
821 3017 957 3088 corporis,
986 3018 1023 3070 11
1050 3035 1120 3086 quos

5 3130 9 3149 .
102 3089 221 3144 malleus
235 3089 367 3158 pertinet.
392 3090 494 3143 deinde
508 3089 557 3142 h'b.
571 3089 611 3142 III
625 3089 816 3158 aegritudines
831 3088 933 3157 capitis
947 3090 1119 3144 tractaturus

102 3161 192 3214 11111
216 3161 254 3214 ad
278 3160 449 3230 chirurgiam
471 3161 555 3227 venit,
580 3161 615 3214 de
638 3177 694 3228 qua
716 3176 805 3230 usque
829 3159 972 3212 adfinem
996 3160 1063 3214 libri
1081 3161 1120 3214 ΙΠ

103 3232 170 3301 agit.
217 3235 279 3285 tum
309 3231 381 3285 libro
406 3232 446 3285 IV
472 3232 506 3284 de
533 3231 637 3285 morbis
666 3231 754 3285 boum
784 3248 847 3284 cum
873 3230 976 3284 dixerit
1003 3232 1119 3286 ‘cedens

104 3301 287 3356 familiarium
318 3303 533 3357 honestissimae
565 3301 729 3369 voluntati',
761 3301 866 3354 librum
887 3302 913 3355 V
940 3302 978 3355 11
1004 3302 1053 3356 lib.
1081 3303 1120 3356 ΙΠ

104 3373 229 3428 annectit
256 3376 285 3427 et
312 3373 343 3426 in
370 3373 470 3428 ceteris
492 3373 551 3427 fere
574 3391 637 3428 cum
661 3373 779 3427 Chirone
803 3373 949 3427 consentit.
994 3373 1120 3427 ordinem

104 3460 194 3498 rerum
208 3460 227 3498 a
239 3444 359 3514 Vegetio
377 3445 574 3515 perturbatum
592 3460 652 3498 esse
671 3444 756 3497 vides.
794 3443 863 3512 quid
881 3445 957 3512 quod
975 3444 1120 3498 exordium

104 3515 189 3570 111111
218 3515 310 3584 operis
337 3515 367 3569 in
390 3515 609 3570 Mulomedicina
632 3530 680 3568 suo
703 3513 765 3567 loco
789 3517 928 3568 servatum
951 3513 1035 3584 (infre
1059 3519 1073 3576 ς
1093 3513 1119 3578 2)
