2470 3902
233 145 517 200 MULOMEDIOINA
536 145 706 202 cfflRONIS
726 151 866 200 asa-353
995 147 1056 211 101

73 296 148 354 diores
165 299 258 371 enmt‚
280 299 425 372 tympano
445 297 564 373 similes,
588 298 671 356 cuius
690 299 720 354 et
739 299 851 356 corium
868 295 952 374 [non]
970 298 1057 356 dure-

70 385 117 442 scit.
155 386 246 444 etsie
269 387 452 444 curationem
474 385 590 443 nullam
612 387 718 461 recipit
741 390 772 444 et
794 407 830 446 ex
852 389 915 445 vita
938 387 1056 447 recedit.

69 473 160 531 dictum
182 476 226 532 est
249 473 350 532 autem
373 476 404 532 et
426 473 548 533 Eumelo
572 475 694 534 medico.

118 564 194 622 cuius
218 564 303 621 arida
325 563 437 622 maleos
460 573 513 622 nec
537 580 591 640 ego
619 582 674 622 nec
697 565 750 622 alii
771 563 953 622 medicorum
979 564 1132 623 11οη0333

45 668 152 710 ssanare
180 651 264 710 arida
293 652 406 710 maleos
430 652 538 728 potest.
582 653 664 711 cuius
688 653 887 711 strationem
910 671 964 729 ego
990 671 1057 728 pro·

66 741 130 799 tinus
154 739 288 814 reddam,
318 760 408 816 quare
437 743 467 799 et'
494 743 610 800 statura
638 743 669 799 et
694 742 855 800 curationis
883 740 1057 800 insanabilis

65 831 111 886 est:
127 831 194 904 quia
211 829 314 904 pulmo
332 849 434 888 eorum
455 829 662 904 corrumpitur,
684 833 735 906 qui
749 833 904 906 corruptus
919 829 957 887 ad
978 829 1057 888 latus

64 915 187 992 decurrit,
214 920 245 976 et
272 919 314 977 sic
337 919 460 994 incipiet
483 934 545 978 esse
571 918 758 994 pleureticus.
810 918 1057 995 quemadmodum

62 1005 211 1084 intelligere
238 1008 304 1082 quis
331 1009 440 1082 possit,
469 1025 527 1082 qua
554 1008 669 1065 ratione
693 1027 860 1068 succurrere
888 1008 957 1066 huic
982 1007 1056 1065 vitio

32 1111 133 1152 rouemo
154 1098 260 1170 potest.
310 1097 443 1171 pulmoni
474 1097 612 1170 corrupto
641 1099 731 1156 tussis
758 1098 932 1171 insequitur.
978 1113 1056 1154 scru-

62 1185 150 1261 temur,
169 1186 194 1244 si
212 1185 360 1260 possimus
381 1185 451 1243 huic
473 1186 516 1242 rei
541 1203 716 1244 succurrere.
753 1187 795 1244 sic
813 1187 924 1244 curato.
961 1185 1057 1243 thuris

62 1271 188 1345 pollinem
212 1274 340 1332 contrito
363 1274 395 1331 in
414 1274 483 1331 vino
503 1274 624 1332 odorato
644 1273 761 1332 cotulae
784 1275 871 1332 unius
895 1274 1056 1333 suffundito

60 1367 103 1434 per
121 1381 212 1421 nares.
258 1382 295 1420 uo
319 1363 439 1438 quidem
462 1363 543 1421 omni
565 1365 651 1437 parto
682 1363 835 1440 negligens
864 1363 994 1438 videtur,
1022 1382 1057 1421 ex

60 1451 126 1507 omni
151 1452 267 1510 ratione
297 1469 463 1510 succurrere
492 1450 583 1509 debeo
611 1452 661 1510 sic.
707 1453 821 1510 radices
846 1470 963 1527 quoque
988 1471 1056 1510 con-

29 1555 49 1594 ιι
61 1539 123 1597 uisas
150 1540 324 1598 minutatim
350 1539 437 1598 valde
469 1541 651 1598 commiscito
680 1559 746 1599 cum
772 1540 874 1614 ordeo,
909 1541 950 1598 sic
978 1540 1056 1598 dato.

60 1629 84 1684 et
104 1628 155 1687 hoc
179 1632 241 1687 ιὀνιι
270 1629 425 1687 inventum
455 1632 500 1686 est
528 1629 688 1688 maioribus
718 1630 842 1702 nostris,
872 1647 932 1686 uon
956 1631 1056 1686 tamen

58 1719 226 1789 praeteream
247 1714 326 1793 [aut]
351 1736 451 1776 1111010.
496 1717 645 1792 morbum,
668 1719 719 1793 qui
743 1717 913 1793 appellatur
935 1717 1056 1792 maleos,
1075 1718 1133 1774 353

58 1803 180 1866 debemus
204 1807 350 1883 fumigare
373 1808 406 1863 in
429 1825 544 1864 ornnem
567 1825 669 1882 pecus,
698 1807 775 1882 quod
799 1806 926 1883 ungulas
951 1805 1054 1864 calcat.

58 1890 102 1952 hoc
127 1913 254 1970 quoque,
288 1897 324 1952 ut
353 1898 444 1970 caput
473 1896 535 1954 eius
565 1897 663 1953 totum
689 1896 821 1971 coperias
850 1895 974 1953 assidue.
1027 1897 1057 1952 et

29 1983 141 2041 rototum
165 2004 220 2060 per
247 1983 346 2042 triduo
375 1985 532 2061 origanum
564 1985 718 2042 decoctum
750 1985 781 2041 iu
809 1984 869 2042 olla
896 2001 974 2042 nova
1003 2003 1057 2058 per

58 2129 254 2140 -ᾕ--ῌ

116 2229 129 2276 1
149 2222 250 2278 deecit:
269 2240 337 2278 corr.
357 2223 395 2277 M
418 2226 427 2292 ΙΙ
454 2230 470 2276 2
490 2221 515 2276 si
534 2225 548 2348 't
567 2229 583 2276 3
607 2240 640 2277 co
663 2223 734 2276 mtto
752 2224 803 2277 se'c:
828 2223 864 2286 ὡς
883 2221 991 2292 εἴρηται
1008 2223 1057 2277 ιιαί

56 2292 157 2361 fausta
175 2301 213 2366 τῷ
234 2292 349 2368 Θηβαίῳ
372 2297 381 2364 ΙΙ
408 2300 492 2364 tacte
517 2295 534 2348 d
575 2294 661 2363 ξηρᾶς
684 2292 791 2362 μάλεως
809 2294 872 2348 obre
892 2294 944 2364 ἐγὼ
963 2293 1057 2362 ίατρὸς

60 2362 112 2417 edre
138 2350 219 2428 άλλως
240 2385 282 2428 τις
304 2369 313 2435 ΙΙ
341 2371 357 2418 6
381 2367 491 2419 statura
514 2392 549 2411 =
573 2367 677 2431 statum
710 2365 915 2435 perduratura?
942 2367 951 2433 11
977 2372 991 2418 λ
1018 2383 1055 2434 sq.

60 2431 109 2518 [qui
126 2438 283 2508 corruptus]
303 2436 339 2490 ad
357 2436 432 2490 latus
457 2436 587 2490 donnum
609 2439 655 2490 et‘?
682 2434 734 2504 τὴν
760 2433 790 2489 δὲ
816 2434 911 2489 αἰτίαν
935 2437 1056 2505 δηλώσω,

61 2503 128 2560 dud
154 2507 286 2576 πνεύμων
319 2504 453 2578 βήγννται
480 2507 550 2574 πρὸς
574 2506 626 2576 τὴν
656 2505 753 2571 δεξιάν
777 2506 901 2574 ττλενρὰν
926 2507 974 2560 ιιαί
1002 2505 1058 2561 ἔστι

61 2576 227 2645 ermetanos.
261 2577 430 2650 βοηθήματα
450 2575 480 2631 dt
499 2579 548 2632 ιιαί
566 2577 653 2650 τούτῳ
671 2586 768 2646 ταῦτα,
787 2578 824 2640 ὡς
842 2577 879 2632 άν
896 2597 938 2639 τις
956 2575 1056 2646 octodu-

59 2664 96 2698 ται
113 2647 249 2704 ἑαλωκότα
273 2649 322 2704 τὸν
345 2647 434 2704 ίτιτιον
456 2657 489 2720 τῇ
513 2648 591 2718 μάλει
614 2649 663 2702 καί
690 2649 839 2720 βήσσοντα·
873 2647 981 2716 μάννης
1008 2649 1057 2702 ιιαί

60 2717 161 2786 λιβάνου
180 2720 237 2775 ἀνά
254 2721 405 2791 τριώβολον
425 2719 455 2774 ἐν
475 2719 542 2792 οίνςο
561 2717 663 2788 τρίψας
679 2719 779 2790 κοτύλῃ
795 2723 845 2790 μιᾷ
859 2716 1056 2789 ἐγχορατιζίτω

61 2786 101 2840 διά
112 2799 156 2860 τῆς
170 2793 316 2860 ἀριστερᾶς
334 2788 418 2862 ῥινός.
447 2788 586 2862 βοηθείτω
606 2788 636 2844 δὲ
653 2792 702 2844 ιιαί
716 2787 863 2860 ῥαφάνους
876 2787 1056 2858 ιιατατέμνων

59 2857 192 2939 fleterre&
211 2862 260 2916 ιιαί
279 2863 377 2932 μιγνὺς
399 2869 460 2924 ταῖς
483 2865 598 2929 κριθαῖς
622 2861 671 2915 ιιαί
695 2859 881 2931 παραβάλλων
904 2861 913 2930 ΙΙ
938 2867 971 2913 12
990 2860 1056 2914 odo-

59 2931 168 3001 10111113
186 2933 299 2987 videtur
313 2960 347 2978 =
361 2932 486 3000 videbor,
504 2933 523 2986 ί.
538 2949 558 2987 e.
578 2932 677 2986 videar
689 2934 698 3002 tl
714 2935 746 2985 16
765 2931 817 2985 hoo
836 2934 933 2984 tamen
948 2933 952 3000 Ι
968 2931 1057 2985 maio-

59 2999 123 3055 ribus
141 3004 186 3059 M:
207 3004 394 3074 corporibus!
416 3001 519 3072 εὑρέθη
543 3000 574 3056 δὲ
598 3004 645 3058 ιιαί
668 3011 749 3057 τοῦτο
767 3010 826 3063 τοῖς
844 3003 897 3070 τρὸ
921 3002 999 3071 ἡμῶν
1024 3002 1056 3056 τὸ

60 3069 243 3140 άτοιιαιτνίζειν
268 3074 320 3144 τὴν
345 3073 428 3144 μάλιν
449 3073 479 3130 ἔν
497 3092 526 3128 τε
545 3083 602 3137 τοῖς
621 3073 717 3135 ίιιττοις
735 3073 783 3126 καί
799 3081 857 3134 τοῖς
876 3071 969 3135 ἄλλοις
987 3073 1056 3128 ὑπο-

60 3141 149 3216 ζυγίοις
170 3144 222 3200 ὅσα
245 3147 375 3238 μβννχας
398 3143 485 3208 ὁπλάς
509 3144 577 3216 ἔχει,
603 3153 637 3269 up
663 3141 784 3234 ὀριγάνῳ
799 3144 977 3234 ‚epiduarum
1004 3144 1056 3234 τὴν

59 3216 448 3357 tttttttttttsttt
463 3211 1056 3356 tttttstttttuttttttttt

61 3357 100 3408 aut
115 3375 178 3414 uno:
204 3360 419 3430 praedecessore
443 3374 498 3412 uno
521 3359 559 3411 M
583 3360 587 3429 Ι
611 3360 661 3410 aut
676 3383 710 3401 =
724 3355 785 3408 vel?
812 3359 822 3426 u
846 3362 878 3409 18
904 3357 1055 3425 quodquod

61 3429 151 3496 ungula
168 3430 289 3485 rotunda
306 3429 418 3484 calcant
431 3427 546 3497 quidem
563 3445 649 3496 supra
667 3429 965 3495 1041110010001100
986 3445 1055 3482 corr.

62 3493 83 3546 Β
98 3497 154 3568 (hoc
170 3517 282 3570 quoque
300 3518 336 3559 ec,
355 3500 500 3554 inventum
518 3501 584 3568 est);
604 3513 693 3565 aeque
711 3496 749 3550 Μ
763 3499 767 3566 1
783 3499 818 3564 cf.
837 3515 923 3566 supra
941 3503 996 3552 190
