2474 3910
222 149 505 206 MULOMEDIGINA
523 149 692 205 CHIRONIS
711 156 848 204 rra-ran
972 150 1037 215 225

55 319 179 378 perunges
201 302 289 378 nitro,
313 303 344 358 et
366 305 451 361 aceto
472 300 571 360 locum
594 299 742 359 elutriare.
787 301 843 360 hoc
864 301 966 376 uteris,
988 319 1036 361 us·
1058 302 1113 359 718

55 410 95 465 qne
114 390 183 448 dnm
205 389 330 449 caudam
353 408 412 449 non
430 389 525 449 fricet
567 388 677 448 similia
695 389 781 467 signa
799 390 915 449 adferet
933 391 963 448 et
980 389 1037 465 hic,

55 479 91 553 qui
102 479 132 536 in
146 479 293 556 longaone
308 496 411 555 cosses,
427 478 459 536 id
474 482 519 538 est
533 495 647 538 vermes
660 477 766 537 rubros
781 480 812 536 et
828 478 972 538 rotundos
985 479 1037 537 ha-

54 567 140 626 buerit.
168 567 307 627 similiter
323 566 372 627 hic
384 567 501 626 lumbos
519 570 550 625 et
567 585 658 625 anum
671 565 834 642 parietibus
848 566 944 625 fricat.
975 585 1037 626 eas-

38 656 104 714 ⁵lem
120 674 214 716 cosses
230 655 303 716 ..de
318 674 375 715 eno
388 659 576 716 manouncto
592 655 642 715 vel
660 655 695 714 de
714 655 854 714 interiore
872 657 957 731 parte
975 656 1038 714 lon·

54 745 148 821 goonis,
163 745 267 804 statim
276 744 392 804 desinet
400 744 526 804 caudam
537 747 570 803 et
579 743 695 803 lumbos
707 743 872 819 parietibus
886 743 1039 803 adfiicare.

104 833 197 893 XCIV
225 833 257 892 Si
281 832 361 908 qnod
382 833 547 892 iumentum
569 833 658 891 nimis
680 833 820 893 mobilem
842 834 966 892 eoadem
988 827 1040 890 hass
1061 838 1116 894 712

54 921 146 997 buerit,
184 923 226 982 sic
258 921 435 981 emendabis.
488 922 587 980 media
619 922 713 982 canda
743 923 828 997 parte
861 921 1040 996 superiorem

53 1012 201 1070 verteblam
231 1011 355 1070 incidito
386 1029 481 1087 usque
513 1010 552 1069 ad
582 1010 711 1069 mediam
737 1010 967 1070 commissuram.
1004 1029 1040 1067 ne

29 1100 200 1174 ¹⁰praecidas.
244 1099 353 1159 vulnus
375 1103 487 1159 curato.
533 1098 635 1158 diebus
658 1099 705 1158 his
728 1102 827 1158 antem
853 1098 951 1158 utitur
973 1117 1040 1157 cau·

54 1187 109 1246 lam
129 1190 259 1248 clettam
281 1190 312 1247 et
333 1206 393 1247 non
416 1189 475 1247 erit
499 1190 564 1246 tam
585 1187 703 1248 mobile.
747 1188 827 1246 idem
852 1188 942 1247 facies
966 1205 1041 1263 equo

54 1277 188 1337 castrensi
226 1279 297 1336 sunt
314 1279 422 1352 autem
447 1276 498 1353 qui
521 1278 574 1335 aut
593 1276 717 1336 mobiles
736 1277 844 1335 caudas
863 1279 918 1335 aut
934 1293 1041 1353 pravas

54 1365 145 1426 ferunt.
190 1366 346 1425 hiantem
367 1366 399 1423 in
423 1366 526 1424 castris
549 1367 752 1441 reprobantur.

107 1453 183 1514 XCV
220 1454 336 1512 Extalis
369 1454 394 1513 si
426 1455 543 1530 elapsus
574 1454 678 1529 fuerit,
714 1454 756 1512 sic
788 1453 912 1513 curabis.
967 1454 1044 1514 solet
1064 1457 1119 1515 720

29 1543 165 1602 asenne
194 1543 285 1620 pullis
315 1563 351 1601 ex
377 1561 466 1603 cursu
492 1543 540 1602 vel
569 1563 605 1600 ex
633 1543 824 1619 perfrictione
854 1546 907 1602 aut
936 1563 972 1601 ex
993 1543 1044 1602 via

54 1631 141 1706 aliqua
167 1632 347 1709 contingere.
393 1632 434 1692 sic
462 1635 573 1690 curato.
619 1631 821 1705 circumcideS‚
849 1631 928 1706 quod
955 1650 1044 1707 super

54 1720 156 1779 aridum
177 1721 278 1796 faerit,
301 1721 428 1796 atride,
450 1740 487 1779 ne
510 1720 684 1780 intestinum
706 1719 816 1779 laedas.
853 1719 951 1778 eibum
974 1719 1044 1778 dato

54 1827 147 1882 panem
176 1812 206 1868 et
236 1809 332 1870 ficum.
386 1809 537 1885 potionem
574 1808 645 1868 dato
681 1809 810 1868 farinam
841 1808 983 1866 triticiam
1016 1811 1046 1865 et
1160 1881 1163 1888 1

54 1897 140 1957 fenum
165 1902 310 1958 tenerum.
355 1898 453 1975 ipsum
480 1917 569 1956 anum
590 1897 660 1957 vino
687 1897 787 1957 foveto
811 1900 842 1956 et
864 1896 957 1957 oblini
985 1915 1044 1954 me·

28 1985 206 2047 lldieamento
229 1987 418 2062 traumatico‚
440 2005 532 2062 usque
555 1987 625 2044 dum
648 2005 737 2046 sanus
759 1985 820 2044 fiat.

109 2075 200 2134 XCVI
223 2075 255 2134 Si
279 2076 358 2151 quod
380 2077 547 2134 iumentum
577 2075 683 2134 extalis
713 2075 847 2150 elapsum
869 2075 974 2152 fuerit,
1003 2074 1045 2134 sic
1066 2079 1119 2136 721

55 2164 163 2224 curabis.
191 2185 228 2223 ne
246 2164 324 2224 ferro
338 2166 453 2242 tangas.
480 2161 633 2240 [primum]
657 2158 661 2241 1
681 2163 811 2239 primum
824 2163 910 2223 calda
923 2164 1045 2239 fovebis,
1073 2169 1179 2228 145'a

55 2251 145 2312 deinde
167 2256 298 2312 stercora
321 2253 356 2312 de
380 2271 437 2312 ano
465 2252 639 2312 exhaurebis
666 2254 697 2311 et
722 2253 778 2312 hoc
800 2254 1047 2312 medicamentum

55 2340 189 2416 impones:
220 2342 327 2401 feclam
355 2342 503 2418 Spanam,
535 2341 801 2418 auripigmentum,
831 2342 920 2401 calcis
952 2343 1047 2416 vivae,

29 2433 47 2474 ¹⁵
57 2433 217 2508 castoreum,
240 2431 273 2488 in
295 2450 354 2491 uno
377 2433 447 2490 tusa
469 2433 500 2489 et
523 2430 691 2508 crebellata,
715 2434 745 2489 et
768 2430 807 2489 ad
830 2451 897 2489 eum
921 2430 1048 2488 extalem

56 2537 174 2592 pannum
201 2519 347 2596 alligabis.
392 2520 449 2579 hoc
475 2519 579 2596 facies,
610 2538 704 2594 usqne
733 2538 792 2595 quo
821 2536 923 2578 cernes
951 2517 985 2575 de
1015 2535 1048 2576 eo

56 2611 144 2679 putres
166 2609 283 2667 cedant
328 2627 434 2668 sanum
454 2608 514 2666 fiet.

110 2696 218 2756 xcvn
242 2696 273 2754 si
292 2698 338 2756 cui
361 2697 492 2755 iumento
515 2696 563 2756 fici
586 2697 651 2755 nati
675 2696 787 2754 fuerint
809 2713 897 2770 super
920 2694 1047 2752 extalem
1071 2700 1125 2756 722

57 2784 95 2841 rel
114 2786 143 2844 in
170 2785 367 2862 verginalem,
396 2786 452 2844 boc
482 2785 523 2844 sic
548 2787 664 2844 curato.
710 2784 771 2842 lino
799 2783 937 2860 alligato,
971 2781 1050 2858 quod

31 2876 129 2932 camo
149 2875 260 2950 fuerat,
288 2876 319 2934 et
345 2875 475 2935 cauterio
506 2874 601 2933 calido
631 2873 802 2949 praecidite.
848 2874 951 2932 curato
975 2872 1051 2930 sicut

115 3155 130 3202 3
148 3166 231 3205 coxas
244 3152 254 3220 11
269 3154 284 3202 5
303 3165 386 3204 coxas
398 3149 401 3221 1
413 3149 508 3218 supple
525 3165 620 3218 prome
633 3148 636 3219 1
647 3164 730 3201 mano
745 3148 773 3218 (c'.
786 3164 806 3202 e.
822 3148 918 3216 manu)
936 3146 1051 3214 scripsi:

60 3214 84 3268 in
99 3235 147 3275 ano
164 3222 168 3292 1
184 3223 266 3276 uncte
280 3222 290 3290 11
305 3225 319 3273 7
334 3221 427 3291 Pelop.
442 3219 513 3293 2921
530 3219 650 3274 caudam
663 3219 750 3288 suppl.
767 3218 824 3273 Pel.
834 3218 868 3290 119
883 3216 1050 3271 verteblam:

62 3287 91 3340 ad
102 3293 256 3346 vertebram
270 3291 327 3346 Pel.
342 3293 351 3361 11
367 3297 399 3344 10
414 3293 511 3345 curato
526 3290 624 3344 diebus
639 3290 690 3357 1113
710 3289 840 3343 stabilem
855 3291 900 3358 (=
910 3285 1052 3356 stabilem)

62 3360 141 3415 utetur
156 3362 275 3418 caudam
289 3362 317 3415 B
330 3362 339 3430 11
355 3368 386 3415 11
407 3361 537 3416 stabilem
551 3364 636 3429 alque
650 3362 772 3414 erectam
786 3361 849 3414 add.
865 3359 922 3413 Pel.
937 3360 947 3428 11
962 3365 993 3412 12
1009 3374 1053 3411 ca-

63 3432 135 3486 sensi
148 3437 157 3504 11
172 3440 203 3487 13
223 3432 423 3503 reprobrantnr
435 3434 444 3504 11
459 3439 492 3487 14
510 3450 596 3501 supra
614 3433 691 3500 47611
706 3437 738 3485 15
757 3429 927 3501 perfectione
941 3433 950 3500 11
966 3435 998 3483 16
1016 3445 1053 3498 sq.

64 3505 173 3571 superari
193 3506 260 3558 dum
273 3506 282 3574 11
297 3508 330 3556 19
350 3519 434 3557 anum
452 3505 562 3574 scripsi.-
580 3519 665 3556 manu
683 3503 713 3557 in

107 3601 251 3643 Mulomed.
266 3601 354 3651 (lirin,
369 3603 404 3642 ed.
419 3602 499 3643 Oder.
864 3596 897 3643 lb
