2462 3906
225 160 508 217 MULOMEDIGINA
526 160 696 217 CHIRONIS
715 167 854 217 999-999
979 161 1042 226 297

42 314 122 386 cutes,
147 330 223 387 quoe
246 311 395 387 laborent,
422 313 567 371 sustinere
590 331 621 372 se
644 312 746 388 possit.
792 315 861 388 post
883 313 1044 389 septimum

42 398 81 457 die
109 399 195 459 lenas
226 419 293 460 enm
322 401 392 461 vino
423 404 454 460 et
482 400 548 460 olco
577 400 699 478 ligabis,
729 402 819 460 tertio
850 396 971 477 quoque
996 401 1043 460 die

41 488 127 548 solves
143 491 173 547 et
186 489 373 550 fomentebis.
405 491 462 550 hoo
480 491 543 548 tom
562 490 613 549 din
631 489 731 568 facies,
750 489 843 549 donec
861 508 966 549 senum
983 491 1043 549 fiet.

40 580 135 650 postea
158 578 335 638 caustionbis
359 578 453 638 etsie
476 597 640 654 promoves.

21 684 30 724 s
97 666 135 725 de
156 667 285 726 tineolis.
327 667 352 726 si
376 667 455 744 quod
477 668 643 726 iumentum
664 667 793 727 tineoles
812 666 964 727 excludere
982 685 1042 726 non
1062 666 1119 723 998

39 756 143 833 potest,
173 756 313 815 cauliculi
343 774 446 816 sucum
476 775 544 816 cnm
573 756 631 817 olei
661 756 741 833 quod
771 756 844 816 satis
873 755 965 814 fuerit
992 756 1042 814 cd-

40 843 157 902 mixtum
180 844 273 904 dabis.
319 863 388 904 mox
410 863 460 904 eas
484 845 621 904 excludit.

98 933 137 991 ed
168 933 336 1010 ulopicicm.
390 952 523 994 muscum
559 952 648 1010 super
683 935 781 995 locum
817 932 957 993 criblsbis
982 927 986 1012 Ι
1012 935 1043 991 et
1068 933 1174 993 159'b

40 1038 135 1096 cepam
158 1021 337 1101 Germanum
361 1041 449 1098 super
470 1041 586 1082 muscos
609 1023 754 1083 confiices
778 1025 808 1081 et
831 1021 972 1081 dimittes.

13 1127 31 1167 io
97 1110 137 1169 nd
163 1111 346 1171 teredonum.
392 1113 501 1171 lactem
528 1112 667 1188 caprofici
694 1112 726 1170 in
752 1112 851 1171 locum
873 1111 1043 1187 contundes,

41 1217 185 1276 quousque
209 1201 384 1278 sanguinem
407 1200 504 1278 cibiae,
528 1204 558 1260 et
579 1219 716 1260 rasuram
740 1200 776 1259 de
794 1219 847 1259 suo
866 1199 923 1260 sibi
942 1217 1043 1275 super-

40 1285 159 1362 imponis
184 1291 214 1347 et
236 1289 267 1347 in
291 1289 356 1349 oleo
380 1289 481 1350 mittes
505 1291 536 1347 et
557 1289 687 1349 resolves
711 1292 742 1348 et
764 1290 907 1365 depones,
928 1291 964 1347 ut
990 1289 1043 1347 fn·-

41 1376 136 1451 gidum
157 1377 220 1454 fiet,
243 1381 274 1437 et
295 1378 397 1438 uteris.

97 1466 122 1525 si
146 1466 226 1542 quod
247 1467 414 1526 iumentum
435 1466 611 1526 freneticum
632 1465 732 1542 fuerit,
755 1466 797 1525 sic
819 1466 944 1526 curabis.
975 1485 1040 1526 sen·
1060 1464 1119 1521 999

13 1569 31 1609 1⁵
42 1553 152 1629 guinem
175 1555 210 1613 de
230 1556 306 1615 eollo
326 1556 452 1616 emittes
495 1558 526 1615 et
548 1576 615 1615 enm
632 1555 698 1615 loco
717 1554 813 1614 oclido
837 1557 868 1613 et
887 1556 1043 1615 tenebroso

40 1640 140 1702 hebeto
164 1646 195 1702 ot
217 1663 296 1720 uque
318 1645 415 1704 calide
438 1644 539 1704 foveto
564 1647 594 1703 et
615 1645 814 1704 fomentatum
832 1643 871 1701 cd
889 1646 980 1718 ceput
997 1645 1043 1704 bis

41 1729 133 1790 indie
156 1733 257 1792 incito.
297 1733 359 1793 tale
383 1734 541 1806 silentem
564 1733 742 1792 fomentum:
771 1751 881 1808 equom
906 1733 1043 1808 culidem,

41 1818 160 1880 ferinam
188 1821 362 1881 ordeaceum
390 1825 421 1882 et
447 1823 569 1882 fintene.
621 1821 757 1898 potiones
784 1824 885 1880 eutem
912 1821 940 1879 ei
966 1821 1043 1880 tales

42 1906 115 1968 dato:
145 1904 204 1990 [et]
228 1910 306 1970 lecte
333 1912 422 1971 misso
451 1929 568 1970 murrae
590 1927 615 1998 p
638 1911 673 1986 5,
700 1911 796 1969 thuris
818 1909 944 1970 masculi
965 1927 990 2000 p
1013 1911 1044 1988 5,

14 1997 207 2077 nenstologie
233 2017 259 2088 p
282 2001 316 2076 3,
343 2000 394 2060 iris
418 2001 516 2059 radico
538 2018 564 2089 p
587 2001 615 2063 3.
660 1999 733 2058 hoec
757 2000 856 2059 omnic
879 1999 952 2058 bene
976 2019 1043 2059 oon-

42 2086 104 2146 trito
128 2087 234 2146 stillo
258 2089 415 2165 potionuto
439 2092 492 2148 etc.

42 2203 245 2216 ᾖ

44 2341 49 2352 .
104 2281 118 2328 1
138 2292 193 2344 qne
211 2278 221 2346 ΙΙ
240 2281 274 2329 17
292 2275 365 2330 telos
384 2275 427 2331 ite
444 2278 454 2345 ΙΙ
472 2281 506 2328 20
524 2274 582 2344 yris
600 2277 609 2344 ΙΙ
628 2281 661 2330 21
681 2276 780 2331 subscr.
799 2274 888 2330 nichil
906 2276 962 2330 fuit
978 2276 1043 2347 plus

42 2359 66 2396 m
78 2345 229 2417 exemplari
244 2346 295 2401 sed
307 2346 371 2402 finis
384 2344 535 2402 voluminis
548 2345 632 2400 huius
646 2346 702 2400 fuit
718 2349 797 2401 certe
811 2352 842 2400 3·
856 2348 1042 2402 antecedenti.
