2470 3902
173 107 236 169 146
404 104 686 160 MULOMEDICINA
705 103 875 159 CHIRONIS
892 109 944 159 455

413 245 515 302 Cbe'ron

170 345 234 403 eius
257 345 322 402 oleo
353 363 505 420 aspersum
532 361 694 421 perungens
724 345 754 401 et

170 434 213 492 sic
236 433 274 490 ed
297 451 347 491 eos
370 433 421 492 des
439 433 625 492 munducare.
662 436 693 490 et
710 432 753 490 eis

169 522 296 581 maxime
319 522 483 596 fecithoc,
514 521 565 597 qui
588 540 607 579 a
631 521 752 579 lumbri-

143 611 252 670 ecibus
274 610 479 669 molestantur.
526 609 567 669 sic
590 609 752 669 succurrite

170 702 200 758 eb
231 700 274 777 ei,
314 719 403 775 quem
438 699 565 758 dissuria
603 700 751 758 molestat.

169 790 344 865 permiscere
376 789 473 864 ipsum
506 788 628 847 ordeum
660 805 752 863 quen-

169 880 233 936 tum
256 877 339 953 cepit
361 877 563 952 acetabulum,
592 895 658 935 cum
683 876 752 934 cino

169 985 276 1042 coques
304 966 343 1024 ad
370 966 502 1024 cotulam
527 983 619 1023 unam
646 970 676 1024 et
699 963 753 1022 cli-

91 1056 151 1113 455
171 1058 317 1131 quantum
336 1055 486 1113 suffundis,
519 1054 657 1113 similiter
678 1053 754 1112 fecii

129 1160 154 1199 11
169 1143 275 1202 laseris
288 1143 430 1202 Siniciici
445 1146 475 1201 eb
490 1143 622 1218 nitrium,
645 1160 753 1218 coques

169 1232 323 1291 ebrinum
347 1235 376 1290 et
399 1232 441 1290 sic
464 1232 615 1290 suffimdis.
647 1230 752 1290 deinde

168 1319 344 1397 procrieebis
375 1340 441 1379 eum
471 1320 593 1396 meiere,
625 1320 753 1380 adduces

168 1428 236 1468 eum
271 1409 303 1466 in
344 1428 410 1467 eum
450 1409 561 1487 locum,
603 1428 662 1484 quo
707 1427 752 1467 so-

128 1506 154 1547 15
167 1499 231 1556 lenc
257 1497 320 1557 elia
346 1498 480 1557 iumenta
505 1499 624 1556 urinam
646 1497 753 1572 fecere,

167 1586 224 1645 ibii
252 1587 290 1644 sd
317 1587 437 1646 odorem
464 1586 537 1646 lotei
567 1587 658 1644 alieni
684 1605 752 1662 pro-

167 1676 292 1735 ’erieetus
322 1679 352 1734 et
380 1675 443 1750 ipse
473 1675 571 1734 meiei.
617 1676 697 1751 quod
727 1675 752 1733 si

167 1765 250 1824 locus
283 1784 343 1823 non
376 1764 467 1822 fuerit
497 1765 536 1840 ic,
569 1783 627 1839 quo
655 1765 753 1823 solent

167 1855 300 1912 iumenta
322 1853 444 1928 meiere,
470 1853 502 1910 in
524 1853 622 1911 lutum
645 1855 698 1911 eui
720 1853 752 1910 in

130 1955 155 1995 ²⁰
168 1942 341 2019 voraginem
365 1941 499 2018 adducis,
528 1944 559 2000 ei
584 1941 627 1999 ibi
654 1942 751 2000 meiei.

168 2034 203 2090 ei
234 2031 303 2089 hoc
336 2030 426 2106 qnod
454 2048 472 2088 a
498 2030 648 2089 rusticis
680 2049 752 2088 mc-

168 2119 222 2196 gis
249 2119 433 2177 iuvencum
461 2122 528 2198 esi,
555 2137 623 2178 non
650 2137 752 2194 prae·

167 2207 425 2282 bermitbamuS,
448 2207 542 2283 qnod
561 2208 753 2284 appellent

169 2296 302 2356 ostium
338 2296 620 2355 charcedonium.
680 2297 753 2356 dicit

129 2385 260 2463 neuim,
301 2385 380 2460 quod
420 2385 547 2444 dissnric
588 2389 672 2444 sanet
717 2405 751 2444 eo

168 2473 247 2550 quod
264 2473 404 2532 desubtus
424 2475 513 2549 pedes
533 2474 600 2550 ipse
615 2478 752 2533 remonte

167 2563 277 2639 pedum
309 2565 476 2637 conterere,
506 2566 670 2622 commusia
697 2563 751 2621 im-

167 2653 289 2712 miscere
307 2651 339 2709 in
359 2652 429 2710 vino
450 2652 559 2711 cotula.
601 2652 751 2710 suffundas

167 2761 221 2817 per
242 2759 337 2816 neres,
361 2742 391 2798 et
413 2741 509 2798 meiet.

205 2969 219 3014 2
234 2979 358 3031 perunge
373 2979 420 3016 ecs
434 2965 443 3031 ΙΙ
458 2967 474 3014 6
488 2962 641 3016 molestcnb
653 2965 663 3031 11
678 2969 751 3031 7pe-

168 3033 278 3087 rieberei
289 3033 393 3104 [ipsum
402 3033 530 3104 ordeum]
538 3034 565 3087 B
579 3036 589 3103 ΙΙ
602 3033 751 3089 8cumino:

167 3120 236 3158 corr.
256 3104 283 3156 B
310 3106 319 3173 ΙΙ
348 3109 379 3158 11
399 3103 512 3157 uriatici
538 3107 548 3173 ΙΙ
576 3109 609 3157 15
629 3104 725 3173 aliqua
742 3105 752 3176 ΙΙ

169 3174 451 3243 21quodB2quidem
464 3176 473 3243 11
487 3175 751 3230 240her’ccdonium:

164 3262 218 3314 pro
236 3243 377 3314 Μάγωνος
389 3254 440 3300 τοῦ
460 3247 524 3316 lecit
538 3246 642 3301 Chiron
656 3244 752 3315 μάγων

169 3315 250 3370 ὀστοῦ
264 3315 274 3387 {i
292 3322 326 3370 25
350 3319 431 3371 senet
449 3343 482 3362 =
502 3320 615 3371 sanetur
628 3317 637 3388 Η
652 3321 685 3369 26
708 3334 751 3370 sa-

167 3389 278 3440 mencc:
311 3403 377 3441 corr.
405 3389 432 3441 B
455 3391 464 3456 ΙΙ
487 3393 519 3441 27
549 3388 716 3442 contendere
743 3388 752 3460 Η

169 3462 203 3509 28
223 3455 331 3510 cotulas

936 247 1053 318 Veyetiue

807 1064 868 1131 dee,
896 1063 971 1117 leser
997 1077 1107 1132 quoque
1129 1060 1189 1129 Sy·

807 1134 914 1189 rincum
939 1135 968 1188 et
989 1133 1060 1188 nitri
1085 1132 1188 1202 pulve-

806 1222 865 1259 rem
899 1222 963 1260 cum
993 1203 1062 1259 vino
1100 1205 1188 1257 deco·

807 1293 894 1345 quens
924 1292 975 1346 per
1002 1293 1034 1330 os
1063 1275 1186 1344 eligeres.

851 1350 906 1417 (13)
947 1345 1185 1402 inambulation-

806 1420 859 1473 bue
877 1421 907 1473 eb
925 1417 983 1472 leni
1001 1435 1086 1472 cursu
1104 1433 1185 1472 exer·

807 1489 882 1544 cebis
904 1488 934 1542 in
956 1488 1020 1544 loco
1038 1487 1119 1542 molli
1137 1487 1186 1541 vel

806 1560 936 1628 herbido,
955 1560 1001 1614 vel
1021 1560 1059 1614 ed
1078 1575 1185 1628 aquam

805 1631 907 1686 leniter
919 1631 1064 1686 lebentem
1075 1631 1113 1685 cd
1126 1630 1184 1682 uri-

805 1720 872 1757 nam
889 1701 1034 1757 invitabis.
1068 1701 1184 1756 facilius

806 1776 900 1828 eutem
920 1773 1135 1844 provocabitur,
1159 1773 1184 1826 ri

805 1844 855 1899 ubi
877 1843 956 1899 eliud
980 1843 1089 1898 cnimcl
1111 1843 1183 1897 min-

805 1916 885 1984 xeno,
904 1918 1042 1970 teneatur.

842 2290 898 2359 (19)
917 2288 954 2342 cd
972 2288 1070 2341 urinas
1086 2289 1180 2344 inven-

805 2363 851 2413 tus
879 2361 922 2414 esi
949 2359 999 2428 qui
1026 2360 1181 2416 affirmaret

804 2431 910 2502 priores
951 2430 1076 2499 ungules
1119 2433 1179 2502 equi

804 2501 893 2572 ipsius
911 2500 975 2554 redi
994 2504 1024 2555 cb
1042 2503 1100 2556 teri
1121 2521 1179 2558 cum
1231 2569 1232 2572 Ἴ

804 2573 865 2627 vini
883 2571 1005 2626 sextario
1026 2576 1056 2627 et
1070 2592 1123 2644 per
1135 2592 1179 2629 nc

804 2660 848 2698 res
867 2642 979 2697 infundi
998 2643 1038 2697 ed
1054 2645 1179 2701 celerite-

804 2717 862 2769 tem
880 2713 1045 2768 minotionis
1067 2717 1180 2787 physico

804 2786 914 2839 ratione
931 2786 1083 2855 prodesse.
