2470 3902
220 123 498 180 MULOMEDIOINA
517 123 687 180 CHIRONIS
706 131 846 180 ree-rec
972 125 1035 189 159

40 275 114 335 rebis.
158 294 235 334 uvae
258 275 343 334 albae
366 275 465 352 31111
482 278 545 334 tere
568 295 635 334 cum
657 275 727 334 vino
751 278 869 334 austero
889 279 920 335 et
936 276 1035 334 infun-

42 364 92 423 dite
108 385 161 440 per
179 383 222 423 oe.
253 365 333 441 quod
354 365 379 422 si
397 366 454 424 hoc
472 383 531 424 non
554 365 654 439 fuerit,
677 363 752 422 folio
774 366 871 422 ramni
894 366 1034 440 pulentue

42 453 155 512 triticiae
188 454 321 512 immisce
349 454 437 512 simul
465 453 594 512 contrite
623 456 654 511 et
681 453 754 512 offas
777 453 848 511 dere
875 454 963 513 debes
986 455 1034 513 vel

41 542 101 600 folia
118 543 249 614 sideritis
268 545 299 600 et
316 543 391 601 turis
410 545 431 608 5
446 543 477 600 ·Ι·
501 562 568 602 cunr
586 542 656 601 vino
680 561 773 617 aeque
796 542 884 600 rubro
902 543 1034 619 infimde,

22 632 130 690 neten
162 634 195 690 et
227 631 357 691 contrite
388 631 494 690 dabis'
528 631 576 691 vel
609 651 645 689 ex
675 631 776 690 tritico
809 633 889 689 tosto
921 632 1033 691 factam

40 719 179 793 polentam
202 721 235 778 in
256 739 334 796 aqua
357 720 468 797 frigida
490 720 564 778 bene
587 720 687 779 bibere
711 720 790 778 dato.
827 719 907 795 quod
930 721 955 779 si
973 740 1033 779 non
1051 719 1110 776 483

39 808 117 884 bibet,
144 809 302 868 infundere
324 829 378 885 per
401 828 433 868 os
464 809 615 885 oportebit
638 809 665 867 ei
688 811 719 867 et
746 811 883 884 opertum
913 829 980 867 eum
1002 810 1034 867 in

40 914 132 972 equam
159 901 293 957 statuere
331 917 366 956 ea
389 917 450 973 quo
475 917 568 974 usque
601 898 640 956 ed
670 900 804 957 ventrem
831 898 905 956 hore
934 897 957 955 I.
1009 899 1034 956 si

39 987 128 1062 minue,
150 988 243 1046 tritici
265 987 339 1046 tosti
365 984 420 1063 [et]
442 987 579 1045 bilibrem
603 989 633 1045 et
659 986 734 1045 folia
761 986 868 1044 herbae
897 987 1034 1062 sidentis,

13 1085 29 1124 ¹⁰
39 1073 249 1135 subministrare
280 1077 371 1134 etiem
399 1095 529 1152 gramen.
580 1076 660 1151 quod
690 1076 715 1134 si
744 1076 818 1134 haec
845 1095 905 1134 non
934 1076 1033 1151 fuerit,

38 1181 132 1222 cannae
156 1165 264 1224 foliam
286 1165 335 1224 vel
358 1165 512 1240 caprinam
533 1165 657 1223 herbam
676 1167 729 1223 aut
746 1165 865 1240 paleam
884 1165 963 1224 dato.
1000 1165 1033 1222 in

38 1271 84 1325 quo
105 1254 183 1312 enim
202 1254 300 1331 magis
324 1254 453 1330 stipticis
475 1253 581 1328 uteriS,
611 1256 697 1312 tento
728 1254 847 1313 facilius
870 1253 1032 1312 sanabitur.

39 1341 61 1396 id
81 1345 175 1401 eutem
207 1343 373 1401 iumentum
395 1343 443 1402 vel
470 1340 775 1419 [quod]quodcunque
798 1342 824 1400 si
850 1343 974 1420 languet
1004 1346 1034 1402 et

38 1429 164 1501 pabulum
187 1451 244 1490 nec
261 1435 367 1508 potum
389 1433 524 1508 adpetet,
547 1432 703 1507 desperato
728 1451 808 1506 eum,
830 1432 930 1491 vivere
954 1432 1032 1490 enim

16 1529 85 1576 cnon
103 1523 212 1596 potest.

89 1609 197 1668 XXXV
226 1610 269 1667 De
300 1609 506 1668 testiculorum
540 1610 650 1669 dolore.
703 1608 728 1666 si
758 1608 837 1684 quod
866 1609 1033 1667 iumentum
1051 1607 1110 1665 484

38 1696 229 1758 testiculorum
251 1698 352 1757 dolore
375 1699 539 1776 vexabitur,
562 1699 648 1775 signa
671 1699 758 1755 erunt
779 1697 860 1756 haec.
898 1697 1032 1756 incedere

38 1803 85 1842 non
108 1787 243 1861 potuerit
271 1806 325 1846 nec
355 1788 461 1846 cubare
492 1787 625 1846 cruribus
654 1805 708 1845 nec
737 1786 842 1844 iisdem
871 1786 1031 1863 insurgere.

39 1871 139 1934 debebit
166 1895 239 1954 ergo
269 1877 551 1936 concalfootionibus
580 1875 688 1951 foveri,
719 1875 809 1933 aridis
841 1875 959 1950 pabulis
986 1875 1032 1932 uti

17 1964 61 2017 cet
84 1964 168 2024 rebus
205 1965 244 2023 ad
277 1965 394 2023 urinam
426 1965 604 2024 facientibus
635 1964 787 2040 potionari
823 1966 854 2022 et
885 1964 1032 2039 cataplas-

40 2053 150 2112 matibus
173 2055 231 2131 uti,
253 2054 425 2130 potionibus
449 2053 684 2129 competentibus
708 2052 802 2112 foveri
831 2071 955 2128 quoque.
1002 2056 1033 2111 et

40 2143 170 2202 nasturcio
203 2145 323 2201 tentum
352 2163 418 2202 cum
448 2144 518 2202 vino
548 2142 677 2201 contrito
708 2142 795 2201 linito
825 2159 970 2217 pennum,
1000 2143 1032 2200 in

40 2227 214 2290 altitudinem
242 2252 347 2290 renum
375 2232 536 2308 imponite,
566 2234 596 2289 et
626 2231 801 2308 sanguinem
832 2232 967 2290 emittere
996 2232 1031 2290 de

40 2316 181 2379 visceribus
205 2320 333 2380 debebis.
379 2321 405 2380 si
428 2341 463 2379 ex
485 2323 541 2379 hac
564 2340 595 2378 re
619 2339 725 2378 sanum
746 2339 806 2377 non
829 2320 1031 2396 fuerit,u1ito
1067 2329 1070 2334 '

18 2413 94 2464 teum
106 2409 200 2468 stellis
220 2409 252 2466 in
266 2410 392 2468 testibus
406 2413 437 2468 et
455 2411 568 2485 curato,
588 2409 735 2484 quomodo
751 2411 870 2484 oportet
883 2409 1031 2468 ustionem

41 2510 131 2554 curere.
177 2517 285 2557 sanum
306 2498 366 2558 fiet.

91 2586 214 2644 XXXVI
253 2587 285 2645 Si
317 2587 397 2662 quod
428 2587 593 2645 iumentum
624 2588 715 2645 testes
748 2586 891 2645 dolebunt
921 2585 969 2643 vel
1002 2585 1029 2643 ei
1048 2580 1107 2639 485

42 2669 190 2753 tenebunt,
215 2693 324 2751 equum
346 2676 382 2734 de
407 2676 495 2734 ordeo
520 2694 595 2751 quae
617 2675 681 2733 fieri
701 2676 790 2752 solet,
813 2673 881 2732 inde
901 2692 1031 2732 cressum

43 2763 131 2822 emito
160 2767 191 2823 et
214 2765 389 2823 commurito
420 2767 451 2822 et
483 2767 511 2823 ei
542 2764 660 2839 adipem
693 2764 814 2822 suillum
845 2762 918 2820 bene
952 2781 1029 2821 com·

19 2848 151 2930 ”uiscitQ
175 2873 211 2911 ex
235 2854 337 2912 eodem
359 2854 575 2912 medicamento
598 2853 643 2911 bis
670 2853 702 2910 in
725 2853 772 2910 die
796 2851 920 2911 oblinito
943 2870 1030 2910 mane

44 2937 65 2990 et
90 2959 214 3016 vespere.
260 2942 292 3000 id
323 2943 572 3001 medicamentum
600 2945 755 3017 praeterea
785 2941 931 3016 optimum
965 2940 1029 2999 erit.

44 3023 88 3082 elio
108 3031 208 3089 modo:
232 3031 301 3089 felle
324 3032 430 3090 canino
453 3034 544 3089 testes
567 3031 702 3089 oblinito.
748 3048 853 3088 sanum
875 3029 934 3088 fiet.

93 3117 230 3177 XXXVII
261 3119 292 3178 Si
322 3121 369 3179 cui
391 3121 524 3179 iumento
553 3122 645 3179 testes
668 3118 824 3193 dolebunt,
852 3117 906 3176 ilia
929 3118 956 3176 ei
980 3118 1029 3177 ob·
1048 3113 1106 3170 486

43 3211 234 3230 κη...»-

98 3271 279 3339 rprofuerit?
301 3273 304 3342 1
328 3270 395 3326 folie
417 3273 427 3341 11
447 3277 464 3324 4
482 3271 565 3325 rubro
587 3273 597 3340 11
618 3276 634 3324 8
653 3285 726 3338 quae
743 3285 831 3337 usque
853 3271 863 3338 11
883 3274 899 3321 9
918 3267 1029 3338 tridigi-

43 3333 95 3389 toeti
117 3341 120 3409 1
144 3341 168 3394 si
198 3341 346 3399 dederitis:
373 3359 440 3397 corr.
464 3344 492 3396 B
512 3345 522 3411 11
547 3347 579 3395 10
607 3340 757 3411 profecerit
781 3341 823 3394 cel
848 3339 1002 3410 profuerit?
1020 3341 1030 3413 11

45 3409 69 3455 16
83 3409 153 3476 iufra
171 3417 233 3478 724,
252 3415 286 3480 ef.
313 3413 373 3485 Vey.
398 3413 457 3467 Vc
479 3416 488 3482 11
512 3419 544 3466 19
569 3411 844 3467 conadfrectionibus
866 3413 876 3482 11
899 3417 932 3465 27
951 3413 1029 3480 infra

45 3476 99 3544 725;
121 3483 177 3553 νος.
202 3484 279 3554 ch
294 3490 326 3537 ae
346 3484 372 3539 ei
391 3485 431 3539 B:
451 3487 501 3554 esp
516 3490 548 3537 33
573 3484 635 3554 req.
659 3484 720 3537 Vc
