2470 3902
223 178 505 234 MULOMEDICINA
522 177 692 234 CHIRONIS
713 184 852 232 cas-325
1002 177 1044 242 97

50 330 87 387 sic.
124 330 218 405 picem
240 329 387 405 liquidam
410 350 476 389 cum
499 329 563 388 oleo
587 333 617 387 at
640 323 910 408 111101ο111111111ο
933 333 1044 388 10111111-
1065 330 1166 388 123¹b

49 438 93 492 que
113 419 277 477 iumentum
301 437 465 496 perungere
489 418 615 494 curabis,
634 438 669 476 ex
693 417 827 493 qualibet
849 418 988 477 unctione
1010 419 1043 476 in

47 507 172 566 auriculis
196 507 363 566 suffimdero
386 527 453 567 cum
472 507 537 566 oleo
556 507 737 582 liquefacilo.
775 525 880 565 sanum
898 507 999 567 facies.

99 596 140 654 IX
163 595 207 654 De
232 596 358 655 sinaoen.
404 595 430 654 si
454 596 533 671 quod
555 596 720 654 iumentum
743 595 903 654 sinacicucn
930 595 1121 654 1111111311

25 685 123 743 sinerii
136 685 276 762 anguina,
299 685 392 743 latine
413 685 600 762 mauguille,
620 685 693 743 hacc
714 684 800 761 signa
820 684 1043 743 demonstrabit.

44 773 105 832 hacc
123 774 183 833 cito
197 773 361 849 periculum
375 774 456 833 vitae
470 774 544 833 facit
559 773 596 833 ab
610 773 755 850 ligatione
768 775 936 847 temporum
952 769 1042 850 [per],

43 861 136 939 lingna
160 862 223 921 eius
251 863 394 938 procedet
411 864 498 938 foras,
517 865 548 920 el
571 863 613 920 eis
636 861 773 920 simililer
796 864 887 937 caput
911 864 941 919 ei
964 861 1043 920 oculi

43 953 157 1027 imunt,
182 955 212 1009 eb
233 951 390 1010 obturatur
412 952 475 1010 eius
493 951 565 1029 gula
584 953 614 1009 ο1
633 951 700 1027 ipsa
719 950 832 1009 arteria
849 950 990 1027 faucium,
1014 951 1045 1008 ab

43 1059 88 1098 nec
112 1040 293 1099 manducare
319 1042 419 1116 potest
446 1058 500 1099 nec
522 1039 622 1099 bibere
649 1059 703 1099 nec
727 1058 756 1098 se
781 1039 945 1099 extendere.
992 1038 1044 1115 qui

14 1127 33 1184 11
43 1132 155 1187 curatur
182 1129 230 1188 sic.
275 1129 458 1187 fomentaiur
485 1128 547 1187 eius
575 1131 666 1205 caput
692 1129 777 1187 caldo
801 1130 831 1186 ei
852 1130 990 1204 tempora
1013 1130 1045 1186 at

43 1217 151 1294 lingua,
179 1218 283 1276 deinde
311 1235 402 1294 super
423 1218 524 1277 fauces
546 1217 654 1276 oblinis
677 1217 718 1275 fel
740 1217 905 1292 taurinum,
931 1217 1045 1275 111111-

42 1306 139 1365 fundes
157 1307 260 1366 vinum
279 1308 310 1364 et
327 1307 425 1365 oleum
443 1309 536 1365 votus.
574 1307 654 1381 quod
672 1307 698 1364 si
715 1311 801 1365 vetus
819 1325 879 1365 non
897 1306 1056 1386 habueris„

43 1413 68 1452 eo
81 1397 154 1468 quod
167 1397 255 1454 bobes
268 1395 369 1454 uteris.
393 1395 502 1454 dicibur
516 1397 616 1454 autam
631 1397 661 1453 et
674 1395 730 1454 hoc
744 1396 849 1454 facere.
872 1395 944 1454 ficus
959 1395 1043 1454 deco·
1062 1393 1121 1451 324

43 1503 106 1557 ques
130 1486 160 1542 et
173 1503 241 1543 cum
264 1501 342 1560 aqua
366 1503 468 1542 earum
491 1484 603 1542 nitrum
621 1483 757 1544 miscebis
777 1487 807 1542 ei
826 1484 868 1542 sic
887 1485 1044 1544 suffundas.

12 1573 156 1631 ’1111111111
179 1573 243 1646 hoc,
266 1573 412 1632 vestitura
433 1573 550 1631 belluae
568 1572 617 1631 val
636 1573 774 1632 colubrae
796 1572 915 1648 pellem.
952 1592 988 1631 ex
1011 1591 1045 1631 eo

8 1739 9 1742 Ἴ
43 1661 216 1740 confligabis
235 1679 349 1738 corpus.
387 1661 465 1737 quod
483 1661 686 1720 remissionem
703 1658 787 1737 [non]
803 1661 905 1719 fecerit
922 1663 953 1718 eb
970 1661 1046 1719 desi·

44 1750 185 1809 duraverit
212 1769 309 1810 escam
336 1769 413 1826 esse,
441 1750 525 1809 dabis
553 1750 580 1808 ei
608 1754 639 1808 eb
664 1750 759 1809 viride
786 1750 895 1807 fenum.
939 1749 1046 1808 melius

44 1842 136 1897 aulem
167 1839 272 1914 facies,
304 1840 330 1898 si
363 1859 429 1898 eum
460 1839 492 1897 in
518 1857 629 1915 pascua
655 1839 778 1897 miseris.
825 1838 904 1913 quod
933 1839 959 1897 si
986 1857 1046 1897 non

44 1927 134 2002 fuerit,
157 1927 242 1986 dabis
260 1929 362 1986 fenum
380 1928 496 1986 aridum
515 1945 667 2003 aspersum
685 1928 765 1986 nitro
785 1927 929 1987 similiter.
962 1928 1045 1986 nullo

14 2008 101 2074 bloco
117 2017 218 2093 deples
232 2017 291 2074 nisi
309 2037 345 2075 ex
359 2017 509 2092 superiore
528 2035 643 2076 venam.
684 2036 750 2075 cum
768 2019 881 2075 rectam
898 2015 1045 2093 babuerit,

45 2105 179 2183 purgabis
202 2124 269 2163 eum
291 2125 346 2181 per
368 2124 551 2164 cucumerem
575 2108 605 2164 ei
627 2106 747 2163 nitrum.

108 2240 114 2251 .
139 2241 145 2252 .
171 2197 225 2252 .cl;
261 2195 286 2252 si
320 2193 352 2252 in
389 2195 523 2253 auricula
563 2195 671 2254 vulnus
708 2193 799 2252 fuerit
837 2196 904 2252 auri
939 2194 1046 2253 similis
1064 2194 1123 2250 3115

44 2283 140 2357 colori,
172 2283 225 2358 qui
251 2283 408 2342 melliceris
436 2284 615 2359 appellatur.
660 2283 739 2358 quod
762 2285 881 2358 oporiet
913 2284 1046 2342 excidere

44 2375 128 2446 recle,
170 2373 317 2446 quomodo
358 2375 464 2430 caium
505 2375 558 2431 esi.
613 2373 693 2447 quod
734 2376 855 2431 curatur
891 2393 927 2430 ex
957 2372 1045 2430 mello

17 2462 70 2517 1111
93 2461 231 2520 alumine.
277 2461 475 2520 necessarium
507 2464 552 2520 ast
582 2461 686 2535 utique
712 2460 777 2519 fieri
809 2461 848 2519 ad
875 2461 937 2519 eius
964 2460 1046 2519 modi

106 2611 294 2682 3liquefacio
313 2613 355 2666 ccl
371 2611 512 2682 tepefacto
536 2612 598 2682 Vey.
622 2613 632 2681 11
655 2613 754 2681 lincol
772 2610 915 2682 ιιννάγχης
932 2610 967 2664 H
983 2615 1019 2665 64
1039 2611 1043 2680 1

47 2682 153 2754 1111111111
167 2691 183 2738 5
203 2682 376 2753 stranguiria
392 2686 402 2754 11
420 2689 482 2752 seq.
502 2686 627 2752 tempore
643 2700 693 2753 per
706 2683 815 2753 liguum
830 2726 834 2736 .
852 2724 857 2736 .
872 2683 960 2737 faras:
981 2681 1046 2736 σύν-

48 2755 136 2822 δεσμος
154 2753 262 2826 γίνεται
280 2763 335 2809 τῶν
357 2751 508 2822 κροτάφων
534 2753 583 2808 καί
606 2755 624 2820 ἡ
648 2757 754 2824 γλῶσσα
773 2751 899 2808 ἐκπίπτει
923 2752 973 2818 ἐξω
997 2753 1046 2805 παὶ

48 2824 111 2879 οίδεῖ
129 2829 138 2895 11
159 2824 292 2881 Salteria
312 2827 322 2894 11
343 2831 376 2878 10
392 2825 415 2878 si
435 2827 445 2894 11
467 2831 499 2879 13
516 2823 581 2879 ἐστο
601 2823 632 2878 δὲ
646 2826 677 2880 τὸ
693 2825 786 2880 ἔλαιον
805 2823 933 2878 παλαιόν.
971 2822 996 2876 εί
1013 2820 1045 2876 δὲ

48 2896 90 2949 obn
114 2896 181 2964 ἔστι,
211 2902 249 2968 τῷ
276 2895 337 2951 όντι
360 2905 429 2966 χῶε
459 2897 533 2950 uode
555 2897 680 2965 suppum·
705 2899 714 2965 11
744 2903 775 2950 15
803 2893 915 2963 ἁρμόζει
940 2891 971 2947 δὲ
997 2895 1046 2947 παὶ

49 2967 74 3019 τὸ
97 2967 142 3022 διὰ
171 2965 298 3039 βδελλίον
328 2917 458 3030 όινιίντας
488 2964 627 3036 σορχρίειν
657 2964 756 3022 αδτόνε
791 2967 917 3032 confudit
943 2965 1047 3019 Olcirocc

48 3035 135 3103 βδέλλα
157 3041 201 3109 (=
216 3036 351 3110 βδέλλιον)
377 3045 401 3093 et
426 3035 525 3110 ficlilia
548 3037 670 3093 ‘hirudo'
693 3040 702 3108 11
729 3043 761 3090 16
780 3035 892 3092 fecerisz
912 3033 1047 3098 ἐνδόσεως

49 3105 73 3160 δὲ
89 3107 237 3179 γενομένης
255 3109 304 3163 καί
322 3108 515 3178 ἐπιζητοῦντος
556 3117 645 3179 αγεῖν,
665 3107 778 3163 διδόναι
795 3107 895 3176 χόρτον
913 3105 1019 3178 χλωρόν
1036 3107 1047 3178 11

51 3183 77 3230 11
99 3181 146 3236 τόν
171 3181 257 3250 ξηρόν
287 3177 486 3247 καταρραίνειν
517 3129 600 3252 virago
630 3180 679 3234 noel
703 3179 753 3241 τὰς
784 3177 887 3245 rovilias
917 3178 1047 3240 ὡσαύτως

49 3250 224 3322 παραβάλλειν
237 3251 247 3324 11
262 3252 467 3321 conclusoque
485 3247 516 3304 δὲ
535 3251 553 3318 11
571 3259 620 3305 τοῦ
640 3249 757 3319 αἵματος
774 3246 923 3318 ἀφαίρεσις
942 3248 972 3303 ἐκ
990 3257 1046 3302 τῶν

50 3317 126 3376 ἄλλων
149 3323 256 3391 τόπων,
286 3321 317 3377 ἐκ
346 3319 376 3376 δὲ
399 3331 448 3392 τῆς
472 3321 599 3389 busacius
627 3320 713 3390 μόνης
740 3317 861 3389 ἁρμόζει.
898 3321 935 3383 ὡς
958 3317 994 3374 ἂν
1013 3316 1045 3373 δὲ

50 3394 127 3455 καλῶς
145 3393 214 3465 ἔχοι,
233 3389 386 3460 καθαίρειν
404 3393 491 3447 αὐτὸν
510 3375 559 3446 cci
581 3401 630 3446 τοῦ
654 3392 751 3446 σικύου
775 3393 828 3447 καὶΙ
846 3400 896 3445 τοῦ
915 3388 1011 3459 νίτρον
1036 3391 1047 3464 11

50 3465 79 3512 12
95 3465 151 3518 auri
168 3483 228 3536 eqo:
252 3466 303 3518 aul
327 3467 336 3534 11
361 3469 395 3517 24
414 3464 562 3518 donatum:
584 3479 652 3518 corr.
677 3465 720 3530 B;
743 3480 782 3516 αν
805 3462 1046 3517 demonstratum?

51 3533 81 3597 cf.
97 3550 175 3604 supra
194 3542 228 3590 61
244 3553 281 3606 sq.

97 3631 238 3676 Mulomod.
254 3634 340 3683 eurr„
355 3634 389 3674 ad.
404 3633 486 3675 Odor.
870 3627 884 3675 7
