2474 3910
220 141 286 204 210
407 139 687 195 MULOMEDIOINA
706 138 872 194 61660616
892 145 1030 193 see-cor

142 289 201 346 666
220 290 350 349 denudas
381 292 411 348 et
443 291 556 349 auferes
589 310 655 348 eum
687 291 855 349 calcaneum
885 291 1022 368 ungulae.
1069 288 1203 346 dissolvite

220 379 409 456 suffraginem
433 381 463 437 et
492 379 581 438 sinito
612 379 764 456 sanguinis
793 379 904 438 fluxum
933 399 986 454 per
1010 396 1111 437 omnes
1130 395 1204 435 venas

220 468 297 542 fieri,
321 469 351 525 et
373 468 434 526 sale
457 468 529 527 trito
552 468 729 543 confricato,
757 470 792 526 ut
813 470 960 526 restaures
985 467 1103 526 easdem
1123 485 1204 538 venae,

219 558 254 620 ut
285 557 379 631 possit
410 556 542 615 decursio
575 557 727 632 sanguinis
758 557 864 615 melius
895 557 966 615 fieri.
1017 557 1129 631 quanto
1157 554 1204 612 sale

219 645 361 720 fricueris,
379 646 464 704 tanto
483 645 580 703 minor
598 650 626 702 et
642 645 761 703 ferbura
778 644 837 704 fiet.
873 664 939 703 cum
956 645 1017 703 iam
1036 645 1111 702 satis
1127 644 1205 700 risun

219 734 310 792 fuerit
333 733 511 809 ambulasse,
541 735 643 792 curato
671 753 707 791 ex
734 735 817 793 aceto
846 737 876 792 et
903 734 966 792 oleo
992 735 1022 792 et
1044 733 1078 790 in
1100 730 1205 789 linteola

220 823 353 882 calciato.
396 841 500 880 sanum
522 822 580 880 fiet.

142 910 201 966 664
285 911 352 969 LIX
375 911 505 986 siquod
526 911 690 968 iumentum
712 910 840 988 ungulas
862 910 946 970 fissas
967 910 1110 969 habuerit
1132 927 1205 984 usque

76 1012 79 1015 ’
219 1000 257 1058 ad
280 1018 411 1059 coronas.
457 1000 536 1075 quod
558 999 593 1056 fit
620 1019 654 1057 ex
682 999 841 1058 suffusione
868 999 1025 1058 humorum
1054 998 1206 1077 digestcin

218 1089 345 1166 ungulis.
399 1088 477 1163 quod
509 1089 622 1146 factum
658 1089 715 1162 est,
751 1090 786 1146 ut
823 1088 942 1146 suffiusio
975 1088 1073 1148 leuius
1105 1086 1226 1164 ungulisr

219 1177 378 1254 digeratur.
424 1178 454 1233 et
475 1176 591 1235 itineris
613 1177 770 1234 cottidiani
792 1176 933 1235 beneficio
955 1177 1001 1234 his
1026 1177 1147 1254 sanguis
1166 1195 1205 1232 un·

219 1265 297 1342 gulis
325 1265 470 1341 digeritur
497 1267 528 1323 et
555 1267 697 1340 evaporat
726 1285 779 1340 per
807 1265 935 1342 ungulas
965 1267 995 1323 et
1022 1265 1138 1324 findeat
1163 1281 1205 1320 eas.

219 1373 255 1411 ex
278 1371 336 1428 qua
363 1373 394 1410 re
424 1353 534 1413 callioie
564 1358 593 1411 et
621 1354 756 1428 crepulae
791 1354 920 1431 ungulae
948 1353 1032 1411 fiunt.
1090 1354 1164 1429 quod
1186 1353 1206 1407 et

219 1441 260 1501 sic
287 1441 440 1518 claudicet,
468 1442 553 1518 quasi
580 1462 616 1500 ex
642 1443 696 1499 illa
725 1442 830 1500 fissura
857 1442 1058 1520 claudiginem
1084 1443 1205 1518 patiatur.

218 1531 287 1590 iude
311 1532 341 1588 et
363 1531 483 1590 suffusio
506 1550 566 1589 non
588 1531 774 1608 intelligitur.
821 1533 851 1588 et
879 1531 1022 1608 digeritur
1048 1531 1163 1607 quidem
1182 1547 1226 1585 er

66 1621 171 1678 142Va
189 1619 246 1674 666
281 1619 326 1678 his
340 1619 447 1677 fistulis
461 1619 590 1696 suffusio,
604 1622 730 1694 vaporat
744 1622 774 1677 et
794 1613 798 1700 6
818 1620 953 1695 ventitat,
972 1620 1022 1678 sed
1037 1623 1156 1695 postero
1168 1637 1206 1674 un·

219 1708 304 1786 gulas
327 1708 450 1767 vitiosas
479 1708 553 1766 facit
582 1710 613 1765 et
642 1726 756 1784 semper
784 1708 876 1766 fissas.
923 1727 999 1783 quae
1028 1709 1138 1768 fissura
1163 1725 1206 1764 non

218 1797 334 1872 patitur
355 1815 463 1857 novam
488 1797 632 1874 ungulam
655 1799 868 1855 excrescentem
892 1797 1041 1874 integram
1068 1815 1138 1857 esse.
1170 1792 1207 1852 sed

218 1886 284 1960 ipsa
306 1885 411 1944 fissura
434 1885 568 1943 ambulat
591 1887 621 1944 et
648 1900 763 1960 semper
791 1885 975 1960 praerumpit
1004 1887 1150 1964 ungulam
1169 1902 1206 1941 no

218 1993 295 2032 vam.
341 1974 420 2049 quod
452 1974 492 2032 sic
524 1974 647 2032 ornabis,
699 1973 824 2049 prendas
855 1975 985 2050 ungulae
1015 1974 1154 2034 fissuram
1179 1970 1206 2028 ad

218 2061 306 2119 finem
329 2064 360 2119 et
381 2062 497 2120 terebra
520 2061 689 2121 medicinali
716 2063 815 2121 locum
842 2062 1018 2138 terebrabiS,
1048 2083 1109 2139 quo
1133 2078 1205 2136 usque

219 2149 339 2227 sanguis
370 2151 555 2225 respondeat.
603 2151 740 2209 similiter
772 2153 802 2208 et
829 2151 907 2210 circa
939 2169 1057 2210 omnem
1090 2153 1205 2211 fissum

142 2237 201 2294 666
221 2238 276 2296 hoc
299 2238 398 2313 facieS,
420 2241 456 2296 66
471 2258 530 2297 uno
550 2239 582 2297 in
599 2242 731 2315 tempore
750 2241 846 2297 totam
864 2241 1007 2316 ungulam
1026 2258 1122 2300 sanes.
1157 2256 1206 2297 cun

217 2327 291 2384 bene
315 2345 414 2384 omnes
437 2327 556 2386 fissuras
578 2328 778 2403 terebraccris,
803 2347 821 2386 a
844 2329 986 2406 sanguine
1009 2347 1106 2404 usque
1129 2329 1204 2386 ad...

218 2415 464 2474 medicamentum
485 2416 541 2475 hoc
568 2417 698 2493 inponis:
729 2435 831 2492 sepum
860 2417 1007 2476 hircinum
1034 2439 1072 2476 ex
1096 2415 1223 2491 axungia

217 2506 316 2563 vetere
333 2506 370 2562 ct
392 2504 456 2579 pice
479 2505 594 2580 liquida
621 2506 723 2581 aequis
752 2505 887 2581 partibus
918 2506 949 2563 in
979 2525 1010 2564 se
1039 2507 1142 2566 mixta.
1180 2521 1205 2559 er

9 2657 11 2676 Ι
219 2613 277 2668 quo
304 2593 517 2652 medicamento
552 2597 581 2653 et
608 2613 687 2652 mero
719 2597 748 2652 et
775 2595 839 2652 oleo
867 2594 986 2653 madido
1016 2596 1066 2653 vel
1095 2609 1204 2654 cremore

9 2683 11 2696 '
118 2705 120 2708 ·
217 2682 262 2739 ita
284 2682 425 2757 impones
471 2701 575 2740 sanum
596 2682 655 2740 fiet.

141 2769 198 2824 667
284 2771 336 2828 LX
368 2769 567 2847 Quodcunque
593 2772 761 2829 'iumentum
787 2771 819 2829 in
847 2771 966 2830 dorsum
997 2770 1204 2847 pulmunculum

217 2859 362 2934 habuerit,
386 2859 428 2918 sic
449 2863 559 2919 curato.
597 2861 724 2935 depones
747 2860 911 2918 iumentum
930 2862 960 2918 et
979 2860 1085 2919 dexba
1104 2859 1203 2919 sinistra

218 2947 402 3006 aloteribus
433 2945 476 3023 [a]
508 2949 731 3024 pulmunculum
759 2949 791 3007 in
820 2949 906 3007 dorso
937 2949 1080 3024 scalpello
1109 2946 1203 3024 aperies

217 3039 249 3094 et
265 3039 363 3094 cutem
382 3037 543 3112 spatomele
565 3038 731 3113 suspendes,
755 3039 900 3113 quantum
917 3039 1059 3112 potueris.
1097 3034 1202 3096 subicito

289 3209 302 3256 1
324 3203 478 3258 adcaneum
490 3207 500 3275 66
514 3209 537 3260 6,
548 3205 654 3260 minore
668 3209 676 3274 66
692 3212 706 3258 7
727 3205 836 3260 calcato
850 3209 859 3276 66
879 3212 893 3259 9
912 3204 1054 3274 digestam
1072 3209 1082 3277 66
1100 3213 1132 3260 10
1148 3179 1202 3256 leui

216 3276 255 3328 stc
268 3277 277 3343 66
292 3280 324 3327 13
344 3275 448 3329 ardicis
463 3275 501 3330 ei:
521 3275 621 3331 avidae
636 3278 663 3330 B
677 3279 686 3346 66
701 3283 734 3330 14
753 3276 777 3330 si
790 3279 799 3346 66
814 3282 847 3330 15
866 3277 931 3330 inde
949 3293 1010 3347 eyo:
1028 3277 1046 3331 i.
1063 3294 1085 3331 e.
1099 3280 1137 3332 sic
1150 3279 1153 3344 6
1168 3274 1201 3325 de·

217 3346 323 3414 geritur
336 3347 345 3414 66
360 3351 393 3399 16
411 3345 573 3416 6666161666
588 3353 620 3402 17
638 3349 708 3401 fixas
729 3351 733 3418 6
753 3348 856 3401 fixuras
870 3351 879 3417 66
893 3353 926 3400 20
944 3348 1064 3402 fixuram
1078 3352 1087 3418 66
1100 3355 1132 3402 22
1149 3347 1201 3399 fixu-

217 3431 277 3466 ram
299 3417 308 3482 66
331 3421 365 3468 24
387 3417 541 3469 terebrabis
564 3420 573 3486 66
597 3423 629 3472 31
649 3418 784 3472 alteribus
806 3420 809 3488 6
834 3418 1022 3487 pubnunculis
1050 3422 1059 3490 66
1087 3425 1118 3472 32
1137 3415 1200 3486 spato

217 3483 307 3537 melli:
322 3511 355 3528 =
370 3486 536 3555 σπαθομήλη
