2512 3906
247 183 530 239 MULOMEDICINA
549 182 718 238 euraclus
738 189 842 238 29-33
1010 184 1052 247 13

72 334 226 408 quaestionis
243 334 392 393 rationem
411 334 612 393 demonstrare
632 336 758 410 oportet
791 334 934 393 eiusmodi
953 335 1054 392 autem
1072 334 1111 389 33

70 423 181 482 uaitudo
198 423 275 498 laxa,
294 423 372 482 sicut
390 423 525 498 superius
543 423 613 499 dixi,
633 423 680 482 cui
698 423 881 498 praecipitur
899 423 1053 500 sanguinis

70 511 259 571 detractionem
276 511 349 587 fieri,
372 512 506 588 epiploce
529 512 651 570 dicitur:
674 530 772 586 causa,
795 512 827 569 in
849 530 909 586 qua
927 513 1053 571 duorum

69 600 244 659 ualitudinum
265 601 443 676 praemixtio
466 601 629 676 invenitur,
656 603 692 659 ut
713 621 767 676 per
788 599 913 658 nimiam
935 601 1054 659 strictu-

50 705 119 746 sram
132 689 235 767 rigoris
253 689 395 748 beneficio
419 690 569 764 corruptio
593 689 746 767 sanguinis
770 689 900 748 accedat.
937 709 972 747 ex
995 708 1055 765 qua

68 779 234 853 corruptione
265 796 383 837 necesse
414 779 526 837 habent
556 779 641 838 nervi
672 779 822 853 infestare,
854 777 931 836 unde
960 778 1054 836 totius

68 867 178 941 corporis
200 885 335 944 spasmus
357 868 497 926 nascitur.
544 867 621 926 solet
644 867 798 945 colligatio
816 867 865 926 uel
888 866 1053 925 contractio

66 974 205 1014 neruorum
232 956 306 1014 fieri.
359 975 434 1032 qnae
462 956 613 1032 corruptio
644 956 810 1033 sanguinis,
848 955 874 1014 si
903 954 1054 1012 abundare
1073 955 1112 1011 30

67 1045 190 1120 coeperit,
212 1045 245 1103 in
268 1064 443 1120 quacunque
466 1047 552 1120 parte
575 1045 706 1120 corporis
730 1063 761 1104 se
784 1044 977 1118 derivaverit,
1005 1059 1055 1102 eas

39 1147 57 1184 10
67 1135 149 1205 partes
176 1134 287 1193 habeut
315 1152 432 1193 necesse
460 1136 506 1192 est
527 1134 576 1192 vel
598 1136 782 1209 corrumpat,
804 1133 856 1192 ubi
880 1135 911 1191 et
927 1131 1055 1191 morbidi

67 1219 134 1279 fiunt.
176 1243 211 1280 ex
234 1241 295 1298 qna
324 1222 505 1281 alienatione
535 1223 626 1281 soluti
649 1223 733 1282 nerui
761 1223 824 1282 sine
847 1222 960 1282 viribus
988 1239 1054 1280 san-

67 1309 149 1384 guinis
179 1311 307 1370 laxiores
337 1311 421 1370 fiunt.
476 1311 621 1370 eiusmodi
658 1313 758 1369 autem
795 1330 884 1370 causa
922 1309 1054 1387 epiploce

68 1397 169 1475 dicitur,
200 1419 268 1458 cum
298 1400 338 1458 sit
369 1395 494 1479 †uaque
526 1401 603 1458 laxa.
648 1400 681 1458 in
713 1419 772 1475 qua
804 1419 893 1459 causa
925 1400 1056 1459 curanda

67 1485 157 1561 duplex
191 1489 374 1548 adiutorium
409 1489 481 1565 erit,
519 1488 774 1564 quandoquidem,
804 1507 871 1548 cum
904 1489 944 1547 sit
977 1489 1055 1565 laxa,

40 1576 193 1653 restingere
217 1596 285 1636 eam
307 1580 434 1653 oportet.
479 1576 562 1653 prior
591 1580 637 1636 est
665 1580 763 1636 autem
784 1577 817 1635 in
841 1577 944 1636 eadem
966 1595 1057 1635 causa
1073 1576 1111 1631 31

24 1703 25 1706 ¹
68 1666 202 1742 sauguinis
224 1667 380 1742 deumtio,
402 1687 456 1742 per
478 1685 569 1742 quarn
590 1666 772 1724 laxationem
791 1666 886 1724 omnis
904 1665 1055 1740 corruptio

68 1750 116 1830 illa,
137 1774 209 1829 quae
228 1755 369 1814 fueritin
387 1774 518 1831 corpore,
542 1754 701 1830 abstracta,
724 1754 926 1814 corroboratio
944 1754 1057 1829 poterit

24 1877 25 1894 2
68 1860 206 1902 neruorum
238 1843 310 1902 fieri.
365 1844 403 1903 sit
437 1847 538 1902 brnen
570 1863 640 1902 cura
675 1844 792 1920 plenius
827 1842 1056 1918 rationabiliter,

69 1948 130 2003 quae
150 1933 308 1991 adhibetur
329 1935 399 2008 post
420 1933 635 1992 detractionem
656 1933 819 2009 sanguinis.
866 1932 954 1990 debet
977 1931 1057 1989 enirn

41 2019 218 2097 requiemque
238 2024 269 2080 et
286 2021 464 2097 perdurandi
481 2021 628 2080 rationem
647 2021 728 2080 scire.
764 2021 797 2079 in
815 2021 959 2080 eiusmodi
978 2021 1057 2078 enim

66 2123 139 2166 causa
151 2110 317 2186 praemixta
332 2129 524 2186 quaecunque
539 2110 673 2170 valitudo
693 2130 729 2168 ex
745 2109 858 2168 duabus
879 2109 1055 2170 dominetur.

65 2193 135 2256 illam
155 2218 310 2275 peremere
334 2201 453 2275 oportet
475 2217 529 2258 sua
550 2199 675 2258 ratione.
713 2217 788 2274 quae
807 2200 908 2258 tamen
930 2199 1053 2273 laxabo,

67 2283 167 2346 sicma
188 2289 289 2346 minus
310 2288 473 2364 proficerit,
501 2289 619 2346 ustione
648 2287 775 2346 cauieris
802 2287 884 2346 facta
912 2288 1056 2346 constrin-

67 2372 141 2447 gitur.
194 2377 267 2452 quid
299 2396 369 2453 ergo
401 2377 481 2436 ustio
513 2379 664 2451 praestare
696 2376 805 2451 possit,
838 2376 1053 2436 demonstrabo.
1072 2373 1110 2429 33

39 2471 56 2511 ²⁵
66 2463 152 2523 multis
182 2465 261 2524 enim
293 2465 449 2542 generibus
487 2465 599 2524 auxilia
630 2465 738 2524 virium
775 2483 895 2524 suarum
926 2465 1058 2524 conferet

65 2554 134 2611 nato
165 2553 289 2612 animali
320 2555 469 2631 veterino,
500 2573 575 2629 quae
613 2566 724 2632 genera
755 2554 841 2630 quasi
876 2554 1057 2612 medicorum

67 2642 181 2700 remedia
203 2643 370 2702 bominibus
394 2643 533 2702 adhibere
555 2643 679 2718 possint.
715 2643 826 2702 multas
844 2643 935 2700 etiam
954 2658 1057 2700 causas

68 2729 175 2789 aestimo
188 2751 243 2807 per
257 2732 463 2808 compendium
482 2731 574 2791 etiam
591 2751 669 2790 nunc
688 2732 727 2789 ad
747 2734 917 2806 terapeutas
936 2720 1056 2810 potiust
1084 2730 1199 2789 105va

68 2833 90 2872 se
110 2837 223 2896 sanare,
253 2839 322 2879 cum
344 2821 383 2880 sit
411 2820 530 2896 quidem
552 2823 640 2900 tanta
664 2821 723 2897 uis,
753 2840 829 2896 quae
856 2818 971 2878 sufferri
997 2836 1058 2876 non

40 2907 147 2977 ttpossit
177 2909 236 2967 nisi
268 2927 287 2966 a
321 2911 403 2969 muto
442 2909 573 2968 animali.
622 2910 747 2985 ideoque
781 2910 885 2984 utique
919 2908 1058 2982 separata

68 2991 201 3056 iuvenitur
231 2997 264 3056 in
293 2999 439 3057 medicina
474 2998 675 3057 iumentorum
710 2998 881 3074 frequenter
916 2994 1057 3056 adhiberi.

68 3088 185 3154 praestat
207 3087 287 3145 enim
309 3088 395 3146 haec:
424 3087 494 3145 laxa
519 3087 653 3165 stringit,
680 3087 786 3159 inflata
807 3088 918 3153 deccat,
945 3088 1058 3144 macca
1075 3086 1114 3141 33

69 3171 177 3251 exiccat,
211 3175 355 3253 colligata
387 3175 489 3252 solvit,
522 3177 721 3236 carcinomata
751 3173 915 3250 praecidet,
944 3175 1058 3234 veteres

127 3332 158 3380 10
175 3327 282 3382 habent
302 3329 312 3397 d
335 3333 368 3381 13
387 3328 523 3396 utraque?
541 3326 699 3383 valitudine
717 3326 757 3379 Μ
776 3328 785 3396 d
807 3330 839 3379 15
859 3327 909 3381 aut
925 3327 935 3396 d
954 3330 987 3379 18
1007 3325 1031 3381 ei
1049 3326 1059 3399 d

71 3395 97 3444 26
116 3397 197 3452 multo
223 3402 228 3469 Ι
254 3398 365 3470 generi:
388 3415 456 3454 corr.
476 3400 504 3453 B
530 3401 539 3469 d
566 3404 600 3452 27
624 3395 766 3454 omnibus:
789 3413 857 3452 corr.
876 3399 904 3451 B
929 3401 933 3470 Ι
958 3396 1057 3452 etiam:

71 3462 150 3521 tumen
166 3471 193 3522 B
210 3473 219 3541 ss
237 3475 272 3524 28
291 3469 468 3540 compedium
483 3471 487 3542 t
503 3471 691 3538 terrapentas:
706 3495 740 3514 =
754 3467 931 3538 deponentale
948 3472 958 3541 d
976 3475 1009 3522 32
1028 3468 1059 3523 in

71 3530 136 3599 plata
151 3541 295 3596 tenuatum
313 3543 342 3596 et
361 3540 480 3596 exiccat:
499 3558 567 3596 corr.
587 3541 648 3611 ch.
663 3541 685 3594 I
693 3544 741 3608 28,
753 3544 773 3595 2
786 3542 795 3612 d
809 3545 843 3594 33
857 3541 1058 3596 cardnnomata
