2470 3902
200 143 243 206 62
386 142 668 200 MULOMEDIOINA
687 143 855 198 amnonis
875 149 1015 198 roo-207

199 317 235 354 ex
248 294 345 352 VIII.
366 340 372 352 .
392 339 398 351 .
416 294 465 356 vel
477 294 534 369 VI,
561 295 609 354 vel
632 293 805 354 immmente
827 295 1003 356 necessitate
1027 315 1080 370 per
1100 295 1200 353 triduo.

198 386 254 444 hoo
268 384 424 459 potionare
439 385 571 459 oportet:
593 383 725 458 ulpicum
738 383 813 442 bene
827 383 933 442 tritum
946 402 1013 442 oum
1028 402 1200 461 sagapenum

199 475 229 532 et
259 492 366 548 aquam
394 472 433 532 ad
462 473 686 530 multitudinem
713 473 813 552 gregis
841 473 900 549 sni,
932 473 1050 550 singula
1076 473 1200 531 iumenta

199 563 332 639 singulas
362 561 474 619 eminas
504 560 666 637 accipiant,
695 580 761 622 oum
791 561 856 621 oleo
887 561 1012 640 singulis
1042 561 1128 620 oiatis
1156 561 1200 619 ad-

197 651 298 710 mixtis
325 670 379 726 per
407 650 514 710 triduo.
564 653 595 708 et
623 651 679 709 hoo
712 650 870 724 potionata
902 650 1036 709 iumenta
1073 649 1227 709 morbum!

70 738 174 794 116lb
197 761 257 800 non
279 731 448 821 pattientur.
480 739 537 798 hoo
560 739 640 814 quod
663 739 748 797 annis
770 739 960 814 praecipitur.

121 825 179 881 205
264 828 307 886 IV
329 830 374 886 De
397 828 510 887 ventris
532 827 642 888 dolore.
675 827 773 886 minus
795 828 997 906 intelligentes
1020 829 1099 887 oiroa
1122 846 1198 904 orga-

197 938 269 976 num
303 917 416 977 ventris
452 916 700 976 veterinariorum
736 916 845 991 iudico,
887 917 938 994 qni
978 919 1089 992 putant
1122 935 1198 991 prae·

197 1005 417 1066 cantationibus
441 1007 494 1062 aut
520 1005 658 1064 remediis
686 1005 819 1065 dolorem
845 1006 958 1068 uentris
985 1024 1071 1080 posse
1100 1005 1197 1064 sanari.

196 1114 248 1154 neo
269 1095 325 1154 hoe
347 1094 450 1168 ntique
474 1093 650 1152 credendum
674 1097 719 1152 est
741 1112 827 1169 posse
850 1093 923 1156 fieri.
960 1093 1105 1174 quidquid
1128 1094 1225 1152 enim1⁰

196 1204 251 1260 per
272 1181 443 1241 interiorem
467 1182 580 1242 ventris
604 1183 701 1242 dolere
725 1182 864 1258 eoeperit,
887 1183 992 1244 statim
1013 1183 1140 1260 proiciet
1160 1183 1197 1240 iu·
1230 1211 1232 1220 =

196 1274 329 1331 mentum
352 1273 382 1330 et
404 1272 523 1330 volutat
545 1272 723 1346 frequenter.
759 1272 816 1331 hoo
839 1291 909 1349 ergo
928 1271 1042 1332 idiotae
1060 1274 1091 1330 et
1108 1271 1196 1329 minus

197 1362 322 1420 scientes
355 1359 459 1419 dieunt
487 1364 622 1420 ventrem
654 1360 754 1419 dolere
784 1363 815 1419 et
844 1361 947 1419 statim
976 1361 1108 1422 remedio
1138 1360 1196 1419 sub

76 1454 79 1461 '
195 1449 328 1524 veniunt,
351 1449 469 1524 quando
493 1450 554 1507 sint
570 1448 650 1507 inter
667 1449 736 1507 iliis.
768 1449 800 1508 in
818 1451 953 1509 ventrem
971 1469 1047 1525 quae
1067 1450 1196 1512 oriuntur

119 1536 177 1590 20ss
196 1557 305 1616 genera
331 1538 450 1612 doloris,
476 1557 599 1598 numero
624 1543 694 1597 sunt
718 1537 805 1596 XIII:
833 1538 1002 1614 oordapsns,
1028 1538 1113 1614 e'lion,
1137 1538 1223 1598 111111ξ

195 1646 264 1705 gon,
288 1627 449 1704 enfragma‚
469 1627 588 1702 strofas,
602 1626 661 1686 ooli
679 1627 773 1702 dolor,
791 1626 1002 1686 lumbrioorum
1016 1630 1048 1685 et
1060 1627 1195 1687 vermium

196 1719 226 1774 et
250 1715 432 1776 tiniolarum.
479 1718 510 1774 et
531 1716 646 1776 vesicae
670 1715 745 1774 vitia
767 1735 890 1775 numero
913 1715 987 1774 1111:
1015 1717 1046 1774 id
1068 1719 1115 1776 est
1137 1735 1196 1775 oau-

196 1807 342 1882 oulosum,
365 1803 502 1879 isoburia,
526 1805 646 1879 disuria,
670 1805 859 1882 stranguiria.
906 1805 1051 1881 quidquid
1074 1824 1145 1883 ergo
1166 1824 1194 1861 ex
1231 1833 1232 1840 1

195 1894 241 1952 his
264 1893 403 1952 inciderit
420 1893 554 1968 interius,
573 1893 676 1952 statim
694 1913 766 1969 prae
779 1893 880 1953 dolore
895 1894 1014 1953 volutat
1031 1897 1062 1952 et
1080 1893 1194 1954 collidat

195 2002 235 2042 se.
281 1983 329 2041 oui
355 2001 408 2040 neo
431 1985 520 2057 prout
545 1980 602 2058 [se]
628 2001 718 2041 eausa
741 1983 842 2058 luerit,
866 1982 1014 2042 medicina
1037 1946 1228 2053 subvenias‚¹i

195 2091 300 2130 sanum
331 2071 396 2129 fieri
427 2090 488 2131 non
518 2073 625 2146 potest.
680 2071 777 2147 prima
809 2071 887 2130 enim
919 2071 1029 2132 doloris
1060 2072 1136 2132 uitia
1165 2090 1193 2128 ex

194 2159 344 2236 praesenti
374 2162 446 2218 nata
474 2160 675 2219 inveniuntur.
726 2157 782 2236 [in]
815 2160 991 2220 interiorum
1019 2161 1193 2238 singularum

194 2248 328 2324 partium
351 2247 436 2308 dolor
458 2249 559 2324 plnres
584 2249 765 2308 valitudiues
789 2251 820 2307 et
843 2250 959 2308 dolores
986 2249 1052 2308 fieri
1075 2254 1147 2308 nata
1168 2250 1193 2306 io

195 2340 328 2397 ventrem
356 2337 540 2398 demonstrat
562 2356 616 2413 per
639 2337 756 2414 singula
779 2337 990 2413 principalium
1016 2339 1095 2414 looa,
1125 2337 1193 2396 siout
1230 2383 1231 2386 ,

35 2432 39 2448 '
118 2424 174 2479 207
195 2445 284 2501 supra
307 2427 381 2502 dixi,
408 2428 519 2485 oiroum
542 2426 660 2503 singula
682 2426 882 2485 iumentorum
905 2446 1037 2503 oorpora.
1084 2447 1120 2486 ex
1142 2429 1222 2501 qua!

193 2515 310 2575 ratione
332 2515 475 2576 vitiorum
497 2514 541 2590 fit,
563 2518 599 2572 ut
621 2514 771 2589 aliquibus
794 2515 934 2574 iumentis
958 2537 993 2574 ex
1014 2516 1128 2575 ventris
1150 2515 1192 2572 do·
1230 2546 1231 2550 =

194 2606 255 2663 lore
278 2623 417 2679 praesens
440 2604 521 2662 uitae
548 2603 713 2678 perieulum
739 2604 860 2664 faoiant.
906 2604 955 2664 vel
981 2624 1059 2663 nuno
1087 2604 1192 2663 tardius

194 2694 296 2768 aliqua
324 2693 482 2767 liberatur,
515 2693 655 2767 quoniam
688 2692 806 2769 quidem
834 2695 904 2752 sunt
930 2694 1017 2769 plura
1046 2694 1134 2770 vitia,
1164 2709 1192 2748 ex

194 2782 301 2858 quibus
324 2784 394 2840 sunt
417 2782 518 2856 aliqua
541 2781 701 2856 sanabilia,
729 2782 831 2856 aliqua
856 2782 1042 2840 insanabilia.
1088 2782 1191 2856 inquo

192 2871 267 2930 vitio
298 2870 411 2929 ventris
443 2870 594 2929 doloribus
629 2889 797 2930 suoourrere
826 2890 912 2930 nemo
942 2873 1054 2946 potest,
1088 2871 1146 2929 nisi
1170 2867 1221 2926 sis⁰

193 2959 294 3018 soierit
317 2959 500 3036 singulorum
524 2961 554 3018 ot
575 2960 796 3019 interaneorum
820 2960 930 3019 doloris
954 2960 1039 3037 signa
1063 2962 1094 3018 et
1111 2958 1191 3017 ratio-

193 3083 403 3090 ——-—--..-

265 3145 363 3200 1VIII
381 3145 439 3201 Gal.
458 3145 513 3200 Jul.
532 3145 584 3200 VII
603 3149 631 3201 et
649 3145 688 3199 VI
711 3147 773 3216 Vey.
797 3148 806 3216 ΙΙ
828 3151 844 3199 2
863 3145 991 3216 ulpinnm
1013 3149 1022 3217 ΙΙ
1046 3152 1061 3199 7
1086 3147 1145 3217 Vep.
1162 3141 1189 3196 ll

192 3222 264 3283 11,2
286 3219 295 3286 ΙΙ
318 3222 334 3270 8
361 3215 466 3272 iudicio
488 3220 498 3288 ΙΙ
521 3223 536 3270 9
579 3217 707 3286 hysioum
726 3216 880 3272 remedium
907 3218 969 3288 ch.
993 3220 1002 3288 ss
1021 3223 1055 3272 10
1078 3233 1129 3272 neo
1149 3215 1189 3269 ud·

191 3283 253 3342 didi
266 3291 275 3358 ΙΙ
291 3294 321 3341 11
347 3287 442 3343 dolore
456 3291 465 3358 ΙΙ
480 3294 513 3342 15
536 3236 626 3356 yiion:
642 3316 676 3334 =
691 3288 777 3352 εἰλεός
792 3292 797 3359 Ι
812 3286 954 3358 ilinigom:
965 3315 999 3335 =
1009 3288 1128 3359 sl'lryyoc
1144 3287 1168 3340 B
1182 3284 1190 3354 t

193 3365 225 3412 17
243 3359 435 3414 oauoulosum:
450 3385 484 3405 =
498 3360 670 3414 calculoeum
687 3361 696 3429 ΙΙ
716 3365 748 3414 18
768 3358 846 3414 ouria
862 3362 865 3429 Ι
882 3359 1004 3414 dissuria
1021 3363 1030 3430 t
1049 3365 1083 3414 20
1101 3376 1150 3414 neo
1162 3381 1188 3402 =

191 3429 247 3483 nisi
263 3431 266 3500 Ι
283 3447 325 3486 se:
345 3429 386 3484 si?
406 3430 530 3485 scilieet?
550 3432 577 3483 B
597 3433 605 3501 ΙΙ
624 3437 657 3484 22
676 3448 713 3500 sq.
733 3433 802 3484 nata
822 3429 1002 3485 inveniuntur
1024 3431 1188 3503 in<ventre>.

191 3500 356 3555 interiorum
376 3545 380 3555 .
397 3543 403 3556 .
420 3545 448 3558 ..
468 3504 536 3556 nata
554 3505 651 3560 ventre
671 3503 845 3558 demonstrat
863 3503 890 3556 B
904 3503 913 3571 t
928 3507 961 3556 23
981 3502 1011 3556 in
1029 3504 1127 3557 addidi
1228 3551 1229 3576 ᾖ
