2474 3910
203 155 268 219 250
391 153 673 210 announmoma
691 154 861 210 CHIRONIS
881 160 1021 208 ara-au
1111 219 1114 222 ¹

126 313 183 369 sla
270 306 318 364 De
332 305 541 380 potionibus
562 324 649 381 quae
668 305 799 376 dantur
815 325 879 380 per
897 323 933 364 os
948 308 1009 364 ant
1023 319 1180 380 pernares.

267 395 299 452 in
319 395 415 470 primo
438 395 511 453 haec
535 398 604 454 sunt
631 413 707 470 quae
730 394 927 454 conficiuntur
950 393 1098 453 catartica.
1127 391 1182 448 baec

202 483 259 542 erit
280 483 364 558 potio
387 485 478 559 prior,
502 484 553 558 qui
576 483 782 543 articularium
805 483 941 542 morbum
955 482 1090 542 excludit
1122 483 1183 539 catr-

201 572 262 630 lam
285 573 447 631 lactantem
471 573 585 632 occides
609 575 639 632 et
661 572 805 632 interiora
834 573 897 631 eius
926 572 1066 647 proicies,
1093 569 1185 629 lavabis

202 681 282 737 eum,
306 662 336 742 et
359 660 468 720 adicies
495 661 527 719 in
555 661 646 720 ollam
670 680 779 736 aquam
807 664 837 719 et
864 661 990 720 eundem
1017 677 1132 735 coques,
1150 675 1210 715 uss

202 770 258 826 que
277 750 369 809 donec
388 768 455 808 ossa
473 753 655 826 remaneant,
679 753 709 808 et
727 749 929 809 commiscebis
952 749 1094 824 pusillum
1110 745 1186 805 mellis

202 843 232 897 et
254 838 356 898 condis
384 859 451 897 eum
480 838 627 914 quomodo
654 839 895 914 pulmentarium.
941 859 976 896 ex
1004 857 1039 897 eo
1068 856 1131 896 suco
1150 853 1188 910 po·

200 928 330 986 tionabis
365 927 524 1002 quodquod
551 927 654 987 morbo
683 928 888 987 articularium
914 927 1055 986 habuerit
1078 946 1130 1002 per
1150 923 1189 982 tn'·

125 1015 182 1071 alc
201 1018 300 1075 duum.
319 1011 404 1094 †bic
417 1016 497 1075 idem
512 1017 603 1076 facies
617 1016 753 1076 oolefium
765 1017 921 1092 porcinum
931 1017 1094 1090 decoctum,
1108 1012 1189 1073 simill-

199 1108 247 1164 ter
265 1106 368 1164 eodem
385 1105 473 1164 modo
492 1105 584 1166 dabis.
609 1105 704 1164 eidem
726 1107 770 1164 rei
787 1105 861 1165 facit
879 1108 910 1164 et
926 1107 996 1164 hoc:
1015 1105 1127 1182 gallum
1142 1101 1212 1180 gal-a

200 1195 342 1254 linaoium
356 1194 459 1252 eodem
472 1195 560 1253 modo
575 1197 691 1254 coctum
714 1197 745 1252 et
762 1195 915 1254 conditum
931 1214 986 1269 per
998 1193 1099 1252 biduo
1116 1191 1189 1250 dabis.

199 1283 326 1342 adhunc
339 1282 475 1342 morbum
485 1283 597 1342 ethaeo
609 1284 692 1359 potio
707 1282 914 1359 praeparanda
927 1283 998 1341 erit:
1011 1281 1189 1342 titimallora·

199 1373 293 1431 dicem
307 1371 452 1447 decoquas
467 1392 502 1430 ex
516 1390 594 1448 aqua
608 1375 638 1430 et
655 1373 715 1430 mel
729 1373 930 1447 commixtum,
946 1392 982 1430 ex
998 1371 1101 1430 eodem
1113 1369 1189 1446 potio·

41 1461 140 1521 150'a
150 1459 208 1516 814
222 1481 290 1518 nem
298 1459 391 1519 dabis,
404 1452 407 1542 Ι
420 1461 557 1520 similiter
566 1461 728 1520 cucumeris
738 1461 883 1521 silvestris
894 1461 1026 1520 radicem
1036 1479 1102 1519 cum
1110 1457 1189 1526 nitrio,

199 1549 447 1624 quemadmodum
475 1569 497 1608 s.
521 1568 543 1608 s.
567 1552 623 1625 est,
647 1549 716 1608 dare
740 1550 867 1611 debebis.
914 1549 1053 1608 adhunc
1075 1547 1211 1606 morbmc

199 1638 338 1697 similiter
360 1638 432 1697 facit
454 1642 484 1697 et
506 1639 575 1698 hoc:
602 1638 772 1698 cucurbitae
790 1639 950 1716 Aegiptiae
971 1657 1072 1696 semen
1089 1638 1188 1695 frictum

199 1730 229 1786 et
256 1726 348 1786 herba
378 1744 454 1803 quae
488 1728 659 1803 appellatur
690 1727 832 1787 etheriou.
877 1729 917 1786 sit
942 1729 1044 1786 autom
1073 1739 1188 1784 mensum

199 1835 274 1892 quae
298 1817 329 1874 in
353 1816 488 1875 omnibus
515 1816 646 1875 cotulam
668 1817 739 1876 vini.
772 1817 851 1891 quod
873 1816 996 1876 cottidie
1019 1835 1074 1892 per
1095 1833 1125 1874 os
1145 1811 1188 1871 suf·

197 1905 302 1964 fundes
329 1923 423 1980 usque
446 1924 499 1980 per
522 1904 584 1963 dies
608 1907 687 1983 octo,
710 1905 783 1964 item
812 1907 842 1964 et
868 1906 941 1964 haec
965 1906 1073 1965 omnia.
1118 1898 1187 1982 [nihil

199 1993 281 2052 aliud
303 1993 409 2052 melius
433 1996 478 2052 est
508 1994 547 2052 ad
575 1994 607 2052 id
630 1993 737 2052 vitium
767 2013 856 2069 quam
886 1995 1050 2053 cucumeris
1079 1988 1211 2052 silvaticis

122 2081 179 2138 815
197 2082 327 2141 radicem
350 2079 532 2159 contritum]
570 2083 708 2142 similiter
731 2083 851 2142 ethaeo
869 2083 953 2159 potio
972 2083 1060 2142 valde
1078 2076 1187 2140 facitad

198 2170 416 2229 articularium:
441 2172 602 2230 haedinum
622 2172 788 2247 capitulum
808 2190 874 2230 cum
896 2173 957 2231 suis
976 2171 1101 2246 pedibus
1122 2170 1187 2227 deco·

199 2278 279 2335 ques,
298 2259 390 2318 donec
409 2278 476 2318 ossa
494 2265 677 2336 remaneant,
696 2260 798 2320 condis
816 2261 893 2320 siout
911 2279 933 2319 s.
948 2279 970 2320 s.
990 2263 1044 2336 est,
1064 2260 1130 2319 etei
1147 2274 1185 2332 po·

197 2349 310 2408 tionem
332 2347 416 2406 dabis
438 2369 492 2424 per
514 2349 577 2408 dies
599 2368 721 2408 numero
744 2349 811 2408 VH.
848 2350 945 2428 fugiet
961 2349 1082 2408 morbus
1100 2347 1186 2407 articu-

196 2439 297 2496 larius
343 2437 484 2496 articulos
508 2439 570 2497 eius
592 2439 658 2514 pice
681 2438 797 2514 liquida
819 2457 974 2515 perunges.
1021 2457 1123 2497 sanum
1141 2434 1210 2492 fieta

120 2526 178 2582 816
259 2527 473 2602 compositio
488 2528 634 2602 pastilli
649 2527 692 2585 ad
706 2546 805 2586 omne
824 2528 1021 2586 iumentum
1035 2529 1185 2586 coactum.

263 2616 350 2691 ysopi
373 2633 404 2694 p.
421 2634 453 2693 p,
485 2616 623 2675 abrotani
654 2616 752 2691 pondo
783 2636 815 2693 ς,
848 2616 975 2675 samsuci
996 2634 1029 2695 p.
1045 2636 1077 2694 ς,
1107 2615 1185 2690 spice

197 2705 283 2763 nardi
309 2705 385 2780 311,
418 2704 516 2780 spicae
538 2704 658 2764 Indicae
683 2705 760 2781 311,
783 2707 859 2764 costi
881 2704 979 2781 pondo
1006 2727 1041 2784 p,
1072 2698 1185 2781 petrosil-

196 2793 251 2851 lini
272 2793 344 2869 311,
367 2793 475 2852 calami
499 2793 641 2869 Syriatici
660 2812 691 2873 p.
708 2816 736 2873 p,
760 2795 837 2853 croci
852 2808 870 2866 3
886 2795 911 2870 1,
932 2793 1034 2852 inulae
1056 2793 1145 2871 pondo
1154 2809 1185 2858 *a

196 2883 255 2940 irin
277 2882 407 2941 Illiricae
429 2883 528 2958 pondo
554 2901 599 2961 ὴ,
623 2883 734 2944 cassiae
754 2883 888 2942 dafniten
910 2883 1009 2959 pondo
1031 2904 1064 2961 ς,
1084 2876 1210 2958 panacistl

195 2971 326 3029 radicem
354 2990 385 3051 p,
408 2993 443 3050 p,
469 2991 587 3031 murrae
610 2972 707 3048 pondo
732 2975 803 3052 ὃς,
825 2972 979 3031 vetonicae
1003 2989 1033 3051 p.
1054 3003 1098 3053 ᾖ,
1123 2970 1183 3026 arte·

197 3060 300 3118 misiae
332 3078 363 3139 p.
389 3091 436 3140 ᾗ,
468 3059 594 3122 Sabinae
630 3079 660 3140 p.
691 3093 737 3143 ep,
768 3080 888 3139 magma
920 3061 998 3119 croci
1034 3059 1125 3137 pondo
1148 3085 1183 3134 ᾖ,

121 3148 176 3204 817
196 3149 355 3225 gentianae
368 3149 467 3223 pondo
491 3181 537 3232 ᾗ,
560 3151 692 3226 pulveris
711 3151 884 3227 quadrigari
901 3149 1000 3225 pondo
1021 3181 1068 3231 ᾗ,
1088 3142 1183 3207 silocin·

196 3238 278 3295 nami
299 3237 399 3312 pondo
421 3251 479 3314 ·—.,
507 3240 616 3299 amomi
639 3257 669 3318 p.
683 3249 740 3314 ἦ,
768 3239 844 3298 folio
865 3239 952 3297 nardi
975 3257 1006 3318 p.
1025 3250 1081 3313 ἐς,
1108 3232 1182 3311 [spica

269 3375 336 3448 3lsq.
347 3371 381 3436 cf.
392 3385 478 3438 sopra
487 3378 542 3427 199
548 3390 585 3442 sq.
601 3376 610 3443 ss
625 3379 640 3426 5
651 3373 775 3428 addicies
790 3375 799 3442 fl
814 3378 847 3426 12
859 3373 895 3426 ad
903 3373 1028 3442 supplevi
1040 3365 1169 3497 tfimcdem

199 3437 473 3561 ldfacrshocettplss
482 3460 568 3523 puae:
579 3444 721 3525 aequaBlt
736 3446 938 3533 19sq.of.l.14]t
951 3443 1043 3497 29inn
1073 3441 1182 3523 estates-

198 3521 263 3559 ume
277 3507 287 3577 t}
301 3512 334 3558 33
344 3525 381 3576 sq.
397 3526 420 3560 ει
434 3526 449 3563 o
464 3515 898 3584 crunam12=gvtomwpoep0v
911 3517 921 3585 fl
935 3504 1182 3582 34amm0m11fobo
