2474 3910
226 173 508 232 MULOMEDIOINA
527 175 696 232 OHIRONIS
716 181 854 230 cea-641
979 174 1044 238 203

51 327 75 383 et
93 327 132 385 sic
153 327 299 405 ungulam
320 328 423 388 lavato
446 329 478 385 et
499 327 531 385 in
554 326 619 385 loco
642 343 749 402 puram
776 327 957 384 sarmentam
987 323 1044 401 [in-

50 416 205 475 cendideris.
230 413 390 492 wloeo]
417 457 477 474 ...
506 415 579 474 satis
605 415 730 491 parebit.
780 414 832 473 ubi
864 418 1044 473 ammentam

49 504 243 581 incandideris‚
275 523 402 580 prunam
431 507 462 562 et
494 505 621 563 cinerem
653 503 821 563 converrito
850 505 880 561 et
894 499 974 562 veum
1001 503 1044 562 ibi

48 595 167 653 statnito.
220 597 325 670 postea
355 612 425 669 sepo
455 593 570 652 hircino
600 611 667 651 cnm
701 593 841 668 sulphure
869 591 943 650 bene
970 592 1043 651 trito

28 682 218 742 acommiscito
243 684 274 740 et
294 682 423 759 ungulas
446 682 520 741 bene
543 682 710 759 perungito.

99 771 194 830 XLIV
218 772 297 830 Item
313 771 437 847 pedibus
456 770 592 830 omnibus
612 771 721 847 quique
739 770 817 828 male
836 769 938 846 pedati
957 771 1045 827 erunt
1062 767 1120 824 668

46 876 111 934 aqna
132 860 245 938 frigida
267 859 340 918 bene
364 861 453 936 pedes
476 861 578 920 lavato
609 862 640 918 et
670 878 772 935 sepum
801 858 948 917 hircinum
976 876 1043 916 cum

45 948 142 1008 sulfure
165 950 293 1022 mixtum
315 948 461 1025 imponito
485 949 533 1007 vel
556 948 651 1008 aliata
673 950 786 1007 curato.

96 1037 177 1096 XLV
212 1037 246 1097 Si
269 1038 348 1113 quod
373 1037 540 1097 iumentum
562 1036 731 1112 pandatilia
756 1037 862 1096 fecerit
889 1038 919 1094 et
945 1033 1120 1112 gennaesa

16 1133 33 1172 1⁰
43 1123 153 1185 laxavit.
200 1126 281 1203 quod
304 1127 452 1204 contingit
475 1145 494 1184 a
516 1126 617 1186 labore
640 1126 707 1185 viae
731 1127 762 1185 et
785 1126 928 1202 epiphora
951 1143 1042 1202 genu·

43 1232 122 1273 orum.
167 1215 258 1274 simili
281 1215 369 1274 modo
393 1215 522 1293 contigit
545 1214 652 1289 subito,
674 1217 710 1273 ut
731 1215 860 1274 suffusio.
903 1214 982 1289 quod
1001 1213 1042 1271 sic

42 1303 155 1364 curabis.
202 1303 300 1363 calida
325 1305 491 1363 fomentato
523 1307 554 1363 et
583 1304 800 1379 cataplasmam
822 1303 964 1381 frigidam
986 1302 1042 1360 im·

40 1393 149 1468 ponito,
182 1393 263 1468 quod
292 1393 402 1452 dicitur
434 1393 660 1467 anacollimam,
697 1411 787 1470 qnam
819 1413 855 1451 ex
886 1391 984 1450 bulbis
1012 1394 1043 1450 et

41 1481 151 1557 cocleis,
181 1482 246 1541 ovis
276 1485 307 1540 et
335 1482 447 1558 polline
478 1485 509 1540 et
538 1501 574 1541 ex
604 1481 777 1559 algallicum
800 1481 843 1540 fit.
887 1482 964 1540 hanc
986 1480 1041 1540 im·

13 1577 30 1617 6
40 1571 131 1642 ponito
163 1573 193 1629 et
223 1569 349 1631 fasciato
382 1573 413 1630 et
441 1571 560 1649 regulas
589 1570 743 1646 imponito.
801 1569 843 1628 sic
878 1572 980 1629 cunata
1010 1573 1043 1628 ut

40 1658 199 1719 fracturam.
233 1659 296 1718 noli
315 1660 455 1719 continuo
474 1661 595 1720 solvere.
625 1659 676 1718 sed
695 1659 819 1737 singulis
834 1657 936 1716 diebus
950 1658 1041 1717 inter·

39 1747 124 1806 missis
148 1748 236 1807 calda
258 1749 426 1808 fumentato
455 1751 486 1807 et
508 1751 611 1809 curato
640 1748 785 1807 similiter.
831 1746 950 1824 regulas
978 1746 1041 1805 noli

40 1836 147 1911 tollere,
177 1837 236 1895 nisi
265 1837 326 1895 iam
358 1855 455 1914 genua
485 1837 652 1896 correxerit
699 1838 725 1896 si
753 1857 788 1896 cx
810 1837 866 1895 hoc
888 1854 947 1895 non
971 1854 1038 1910 pro·
1057 1831 1116 1890 646

39 1923 131 2000 licent,
153 1926 234 1985 mito
262 1926 421 2002 palmatim
448 1945 546 2003 genua
574 1927 690 1985 deretro
720 1945 810 2001 supra
837 1943 951 1985 nervos,
989 1924 1040 1982 sed

11 2014 91 2072 aeoli
117 2015 245 2092 alligare
272 2033 326 2073 neo
358 2014 482 2073 nimiam
514 2010 702 2092 diligentiam
732 2015 860 2074 ustionis
892 2013 1040 2087 adhibere,
1119 2023 1121 2028 ·

38 2103 66 2159 nt
85 2104 180 2179 possit
203 2104 271 2179 plns
296 2103 441 2182 stringere
465 2105 496 2163 et
517 2122 656 2164 revocare
678 2104 860 2164 laxationem
883 2103 1039 2162 stiictnnae

38 2190 57 2246 si
84 2212 143 2251 non
180 2192 352 2251 desinuerit.
412 2195 515 2252 curato
552 2193 700 2268 ustioneS,
732 2192 879 2269 quomodo
913 2194 1038 2268 opoitct.

36 2279 153 2341 fasciato
172 2281 331 2357 palmatim
349 2281 509 2356 introrsnS,
533 2299 620 2340 cuna
639 2282 832 2359 constningat.
879 2281 942 2341 noli
960 2280 1039 2338 enim

37 2370 143 2430 assidue
166 2389 295 2444 movere,
318 2370 370 2429 scd
392 2372 424 2428 et
446 2370 472 2428 si
495 2389 525 2429 se
548 2370 687 2446 proiciet,
709 2391 746 2429 ne
769 2371 940 2446 fiequenter
963 2367 1039 2427 exei-

9 2459 100 2538 atara
145 2459 202 2518 hoc
225 2459 304 2516 enim
327 2459 354 2518 ei
377 2458 452 2517 utile
480 2461 533 2518 est.
578 2459 623 2517 ita
650 2478 680 2519 se
710 2460 809 2533 nervi,
839 2459 891 2534 qui
920 2459 1039 2516 laxave-

37 2546 98 2621 rint,
120 2547 336 2625 constringimt.
381 2547 530 2607 ustionem
553 2547 712 2625 diligenter
734 2551 837 2608 curato
865 2549 896 2605 et
924 2547 1038 2623 malag-

36 2653 107 2694 mam
128 2636 291 2695 ficmneam
312 2635 455 2710 inducito,
478 2637 571 2696 donec
594 2655 699 2696 sanum
720 2638 782 2696 fiat.

93 2725 190 2783 XLVI
231 2725 432 2801 Quodcunque
459 2725 624 2785 iumentum
651 2726 842 2803 ossilaginem
869 2723 1038 2784 submiserit
1057 2719 1113 2776 641

36 2830 88 2870 non
117 2813 206 2888 bene,
237 2834 274 2872 ex
301 2833 360 2890 qua
387 2832 418 2872 re
450 2815 666 2889 parastaticum
694 2815 743 2875 vel
775 2833 884 2892 genum
914 2813 1038 2889 longum

9 2899 141 2961 llfeeerit.
180 2903 223 2962 sic
247 2923 314 2961 eum
337 2902 463 2961 curabis
500 2904 714 2979 cataplasmam
737 2903 884 2979 imponito
903 2922 956 2978 per
975 2901 1037 2959 dies

36 2991 166 3066 quinque,
189 2992 295 3067 quinto
314 2991 361 3050 die
380 2991 528 3066 delavato,
547 2993 678 3052 exiccato
697 3011 814 3069 genum,
833 3011 869 3049 ne
883 2992 1037 3050 humorem

35 3077 144 3138 habeat.
188 3081 284 3139 altero
308 3081 355 3139 die
386 3080 525 3155 exponito
555 3081 720 3140 iumentum
750 3083 781 3139 et
809 3079 890 3138 mito
920 3100 1037 3158 genum,

101 3256 114 3303 1
128 3267 166 3320 oq.
180 3249 211 3304 in
224 3250 288 3304 foco
301 3265 402 3320 puram
416 3252 588 3304 sarmentam
602 3249 728 3316 incende,
743 3265 815 3318 quae
830 3265 873 3302 res
888 3248 950 3302 foco
966 3248 1035 3302 satis

35 3319 139 3385 parebit
152 3322 180 3374 B
193 3323 203 3389 ΙΙ
217 3328 232 3376 3
248 3337 376 3390 prumam
392 3323 396 3390 t
412 3320 568 3376 convertito
582 3326 591 3388 11
610 3327 625 3374 6
641 3320 782 3376 omnibus:
801 3318 974 3374 tumentibus
987 3321 1015 3374 B

37 3392 50 3439 9
68 3392 171 3459 pandat
183 3392 255 3461 ylia:
273 3391 423 3462 :panda3
441 3407 510 3446 corr.
525 3410 611 3462 supra
621 3409 651 3462 p.
665 3396 731 3458 186,
740 3396 776 3445 14
789 3395 798 3459 ΙΙ
813 3396 846 3444 10
865 3390 1015 3460 tapiphora

37 3465 68 3512 14
85 3463 124 3516 sal
141 3462 277 3533 gallicum
289 3465 299 3532 ΙΙ
319 3468 350 3516 15
369 3464 402 3516 ut
419 3464 519 3518 addidi
536 3466 545 3532 ΙΙ
565 3469 598 3518 18
616 3463 646 3517 ia
659 3469 764 3532 genua:
783 3464 822 3518 sic
841 3464 846 3534 l
865 3479 903 3533 sq.
922 3463 1038 3532 profice-

35 3530 87 3584 ris?
98 3536 107 3603 ss
120 3541 152 3588 21
171 3533 297 3590 revocati
311 3536 320 3604 ss
334 3539 368 3586 23
385 3550 452 3588 eura
