2512 3906
192 159 234 224 52
377 157 659 213 MULOMEDICINA
677 157 846 214 OHIRONIS
866 164 1006 214 166-169

191 309 217 368 si
241 310 384 386 evenerit,
413 312 449 367 ut
471 309 593 386 aliquod
614 309 779 367 iumentum
801 308 952 384 possideat
973 309 1006 366 in
1036 329 1136 387 grege,
1162 311 1187 365 et

191 399 240 456 hic
263 399 288 456 si
315 417 375 458 non
397 399 526 457 velocius
554 401 708 473 separetur
729 398 892 475 longinqua
914 399 1035 476 regione
1061 415 1186 474 pascuae,

192 487 273 546 illius
301 488 412 565 gregis·
430 488 528 546 omnia
557 488 690 546 iumenta
720 487 905 562 coinquinat,
936 491 966 545 et
996 487 1065 546 inde
1096 486 1186 545 morbo

117 575 174 630 les
194 576 293 636 omnia
325 577 479 636 consumit.
525 596 560 634 ex
592 596 651 651 qua
682 596 713 633 re
746 576 872 634 sollicite
902 576 1113 654 intelligendus
1143 578 1186 634 est.

192 665 294 723 multis
314 666 391 724 enim
411 665 566 743 generibus
586 668 616 723 et
635 664 832 723 absimilibus
851 665 943 742 signis
962 683 993 724 se
1008 665 1187 736 demonstrat,
1207 693 1215 730 5

192 754 269 812 unde
288 755 375 829 plura
389 755 510 814 nomina
529 754 642 829 accepit
665 753 799 828 pluribus
824 753 1000 812 auctoribus.
1038 755 1187 828 cuicunque

195 843 294 902 evenit
317 844 395 919 apud
414 846 528 902 veteres
550 845 680 916 nostros,
708 843 733 901 si
760 842 924 900 iumentum
946 843 1097 901 incidisset
1121 843 1187 900 hunc

192 932 329 991 morbum
351 933 383 989 in
405 952 510 1009 grege,
534 931 585 1006 qui
607 950 665 989 non
692 931 788 990 solum
812 932 910 990 curari
932 950 992 990 non
1014 932 1124 1008 potuit,
1146 930 1189 988 sed

195 1024 224 1079 et
252 1020 397 1078 similibus
435 1020 527 1096 signis
561 1020 648 1094 plura
680 1020 813 1078 iumenta
849 1020 1067 1095 coinquinando
1098 1019 1188 1080 morbo

194 1112 392 1182 consumeret,
423 1111 452 1166 et
477 1127 584 1167 nomen
614 1109 684 1166 huic
710 1109 812 1167 morbo
845 1109 1061 1185 imposuerunt,
1092 1108 1216 1174 simihaq

195 1199 280 1276 signa
302 1197 448 1272 passionis
477 1197 509 1254 in
534 1216 655 1272 corpore
679 1198 761 1256 illius
786 1198 925 1271 iumenti,
947 1202 982 1256 ut
1007 1218 1065 1273 quo
1084 1198 1190 1256 facilius

196 1289 226 1345 et
249 1286 286 1343 ab
310 1286 377 1343 aliis
399 1286 448 1344 hic
465 1286 584 1344 morbus
604 1286 823 1363 intelligeretur
841 1290 871 1345 et
889 1305 1053 1364 aggregare
1073 1305 1190 1346 secerne·

119 1373 175 1428 167
195 1378 286 1433 retur.
336 1375 371 1432 de
405 1394 462 1450 quo
493 1395 644 1450 nunquam
673 1376 823 1450 promittit
851 1394 969 1451 sanare,
1002 1377 1053 1434 sed
1081 1379 1190 1452 propter

194 1465 358 1522 ceterorum
380 1464 476 1540 magis
498 1483 622 1539 corpora
646 1464 796 1523 salvanda,
833 1465 865 1522 in
888 1464 995 1539 quibus
1017 1465 1188 1540 praecipitur

195 1551 383 1630 suffumigari
407 1572 442 1611 ea
464 1553 609 1628 iumenta,
632 1553 683 1611 ubi
710 1553 758 1612 hic
780 1553 899 1612 morbus
924 1571 953 1611 se
977 1552 1188 1624 demonstravit
1201 1576 1216 1616 a

193 1641 281 1699 rebus
303 1641 382 1699 infra
406 1642 523 1717 scriptis
550 1645 673 1718 propter
703 1642 893 1718 effugandum
922 1645 1052 1701 taetrum
1083 1643 1190 1701 odorem

194 1730 276 1788 illius
311 1731 420 1804 morbi,
455 1734 491 1788 ut
525 1731 611 1789 rebus
645 1731 771 1788 austeris
801 1731 849 1789 vel
886 1731 995 1789 amaris
1031 1730 1190 1808 praemixtis

194 1822 358 1877 ceterorum
373 1838 495 1894 corpora
510 1820 677 1896 stagnanda
691 1819 728 1877 ab
742 1820 798 1879 hoc
816 1819 918 1879 morbo
937 1820 1058 1879 liberari
1076 1821 1187 1896 possint.
1234 1889 1235 1894 ἵ

195 1928 264 1986 ergo
287 1909 341 1965 illa
363 1909 496 1966 iumenta
519 1927 622 1966 curare
645 1909 740 1984 magis
768 1908 894 1967 sollicite
918 1912 1036 1984 oportet
1063 1929 1116 1984 per
1138 1927 1188 1967 om·

119 1995 176 2050 168
195 2017 262 2054 nem
290 1997 476 2073 diligentiam
504 1999 534 2055 et
560 1997 729 2072 potionibus
757 1997 836 2056 infra
859 1997 985 2072 scriptis.
1031 2001 1061 2056 et
1084 1997 1216 2073 quibus-a

196 2104 310 2159 cunque
325 2086 426 2160 aliqua
440 2086 586 2160 suspectio
600 2087 632 2143 in
646 2104 767 2160 corpore
781 2086 876 2144 inesse
888 2087 1014 2161 videtur,
1029 2087 1190 2164 sanguinem

72 2173 176 2232 114'b
199 2173 394 2248 detrahimus,
424 2176 459 2231 ut
487 2169 491 2252 l
520 2175 655 2248 possita
678 2174 849 2249 corporibus
873 2194 974 2233 eorum
997 2176 1051 2234 illa
1073 2172 1191 2250 coinqui-

199 2262 281 2320 natio
313 2263 423 2338 morbi,
459 2262 552 2321 levior
585 2282 661 2337 quae
692 2263 796 2341 fixerit,
827 2264 858 2321 in
891 2264 1035 2341 sanguine
1072 2260 1191 2323 abstrahi

164 2351 165 2356 ’
198 2353 320 2426 propter
351 2351 459 2409 bonam
490 2351 694 2411 valitudinem.
744 2355 814 2410 sunt
845 2355 945 2410 autem
977 2372 1087 2430 genera
1116 2352 1191 2410 huius

199 2439 294 2497 morbi
317 2441 429 2498 malens
451 2460 573 2498 numero
596 2440 668 2499 VH:
698 2441 850 2518 humidus,
880 2441 988 2516 ariduS,
1019 2444 1217 2509 succulentars

200 2529 384 2604 articularis,
416 2529 619 2605 elefantiotes,
652 2529 831 2604 subrenalis,
863 2530 1077 2590 farciminosus.
1131 2531 1192 2587 haec

198 2618 265 2692 ipsa
288 2618 373 2695 signa
396 2618 533 2676 similiter
555 2619 622 2676 aliis
646 2619 738 2695 signis
762 2618 858 2677 divisa
880 2619 980 2694 plures
1003 2619 1124 2678 faciunt.

123 2707 180 2762 lss
266 2707 403 2765 humidus
446 2711 506 2785 est,
550 2708 597 2766 cui
641 2707 676 2765 de
714 2707 835 2766 naribus
870 2708 1038 2766 muccitudo
1074 2704 1191 2766 humoris

199 2796 295 2854 effluit
316 2796 394 2854 male
418 2796 558 2855 odoratus
581 2800 611 2854 et
634 2796 758 2872 spissus,
783 2796 880 2855 colore
903 2795 1025 2872 pallido.
1070 2797 1149 2855 cuius
1169 2793 1192 2849 et

201 2889 344 2962 gravatur
371 2888 460 2960 eaput
490 2888 520 2943 et
551 2885 656 2942 stridet
686 2887 817 2961 pectore,
850 2885 969 2962 gracilis
1000 2886 1052 2944 fiet
1084 2888 1113 2944 et
1141 2881 1217 2959 pileo

200 2974 335 3032 horribili
358 2977 389 3032 et
414 2974 532 3033 tristem
559 2976 711 3048 aspectum
739 2973 862 3033 adferet.
906 2974 954 3032 hic
982 2975 1040 3033 en't
1061 2971 1191 3040 humidus,

202 3063 252 3138 qui
268 3063 334 3121 istis
348 3062 441 3140 signis
460 3080 481 3120 s.
497 3081 519 3121 s.
534 3066 758 3140 cognoscuntur,
778 3083 865 3137 quem
882 3063 1060 3137 profluvium
1074 3063 1191 3120 Atticum

274 3307 287 3356 7
307 3301 439 3357 incidisse
454 3305 462 3372 ΙΙ
481 3309 514 3356 10
529 3301 589 3376 <a>
610 3301 730 3356 similia?
748 3305 757 3372 {l
776 3308 807 3356 11
821 3301 976 3356 iumentum
990 3306 998 3373 Ι]
1019 3309 1050 3356 12
1071 3319 1088 3356 a
1105 3299 1191 3372 grege?

202 3390 219 3426 a
242 3373 356 3442 gregale
380 3377 425 3442 (sc.
453 3374 561 3444 morbo)
580 3375 606 3428 L
636 3376 646 3442 ΙΙ
680 3379 711 3426 13
742 3374 804 3443 ch.
826 3375 849 3428 I
867 3377 940 3442 17,3
972 3377 981 3443 ΙΙ
1014 3380 1046 3426 17
1075 3367 1191 3428 austeris:
1230 3421 1231 3430 ,

201 3460 268 3498 corr.
288 3445 316 3496 B
334 3445 343 3516 ll
362 3449 395 3496 18
419 3444 577 3512 stangnada
590 3447 599 3514 ss
618 3450 650 3496 21
675 3444 796 3514 suspicio
825 3446 886 3515 Veq.
910 3452 935 3500 et
956 3447 1035 3512 iufra
1057 3449 1065 3516 ΙΙ
1088 3450 1120 3498 94
1142 3440 1191 3507 Ves-

200 3515 223 3568 I
236 3519 267 3584 23
286 3516 320 3582 cs.
339 3516 417 3582 infra
435 3520 490 3570 350
505 3516 509 3587 l
526 3517 557 3568 ia
574 3532 659 3585 marg.
675 3515 750 3584 quod
767 3531 870 3586 genera
888 3516 994 3572 maleos
1007 3519 1016 3587 ΙΙ
1030 3522 1064 3571 28
1083 3510 1192 3585 Vea13
