2512 3906
174 109 216 172 12
381 106 666 162 MULOMEDICINA
684 105 854 163 CHIRONIS
873 112 977 161 26-28

174 261 279 334 codae,
302 259 379 318 sicut
401 277 504 334 supra,
527 257 589 316 ΠΠ
612 257 715 334 digitis
737 257 825 335 longe
849 257 887 316 ab
906 276 965 316 anu
983 257 1096 334 sagitta
1118 276 1186 332 per·
1245 303 1246 312 ,

174 349 276 407 cuties.
314 348 339 406 si
357 347 431 406 bene
449 347 636 422 percusseris,
660 345 856 405 acontidiabit
873 364 957 405 vena.
996 348 1066 422 post
1084 346 1186 404 decur-
1245 383 1246 418 3

176 437 289 496 sionem
307 436 432 496 fasciola
453 435 601 514 alligabis.
638 435 674 493 de
692 435 853 494 visceribus
872 455 939 494 cum
960 435 1080 493 mittere
1102 434 1186 493 voles
1245 493 1246 506 ,

105 547 107 550 ·
176 528 230 584 aut
243 526 279 585 de
293 525 425 603 inguina,
445 525 548 583 dextra
567 524 688 584 sinistra
701 523 734 582 in
753 524 870 601 singula
888 524 1003 583 femora
1022 523 1184 582 eminentes
1245 562 1246 596 3

175 633 266 674 venas
279 614 377 673 medio
392 615 503 672 femore
518 613 630 690 sagitta
644 613 859 688 percutiuntur,
878 613 953 671 sieut
972 613 1004 671 in
1016 609 1185 671 brachiolis.
1210 622 1221 662 ⁵

175 707 245 779 post
268 703 470 762 demissionem
498 701 651 779 sanguinis
674 704 786 760 cretam
808 700 944 776 imponis.
1245 769 1246 776 ἵ

119 791 158 846 26
242 791 285 850 lX
317 791 349 850 Si
367 792 464 850 laccae
486 791 518 848 in
541 791 651 848 cambis
673 790 787 848 fuerint
805 792 858 848 aut
879 790 973 866 aliqui
992 789 1077 848 dolor
1095 808 1185 848 coxae

176 881 224 940 vel
235 881 369 958 gambas,
384 879 437 939 sub
448 879 571 957 gambas
586 879 707 956 sanguis
721 879 896 940 detrahitur.
919 881 990 938 sunt
1003 879 1083 936 enim
1091 896 1186 937 venae

176 989 195 1028 a
217 969 379 1029 visceribus
398 967 615 1043 descendentes,
637 970 847 1043 pertranseunt
864 987 918 1043 per
936 968 1032 1027 latera
1051 967 1186 1045 gambae,
1245 1025 1246 1029 ,

176 1058 214 1117 ab
232 1056 369 1116 interiori
386 1059 472 1132 parte
491 1057 668 1115 descendent
685 1056 808 1115 inferius
833 1076 923 1132 quam
942 1056 1059 1134 gamba.
1095 1074 1186 1132 supra
1200 1069 1220 1108 1⁰
1245 1111 1246 1118 ,

176 1165 243 1206 crus
265 1146 304 1204 ab
325 1146 461 1205 interiori
484 1147 569 1220 parte
597 1146 804 1220 percutiuntur
829 1147 960 1205 treverae
984 1144 1087 1220 secmi,
1114 1145 1186 1204 celte

177 1236 226 1295 vel
239 1235 407 1293 flebotomo.
439 1237 509 1310 post
522 1234 724 1293 decursionem
737 1235 889 1293 fasciatur.
915 1235 1187 1292 inferiores‘autem
1245 1307 1246 1313 ἵ

178 1326 279 1400 partes
300 1323 422 1398 pedum,
446 1341 635 1398 quascunque
660 1341 763 1382 causas
785 1323 956 1399 habuerint,
984 1322 1075 1382 simili
1097 1323 1186 1381 modo
1245 1370 1246 1404 3

178 1411 332 1489 sanguinis
365 1412 579 1472 detractionem
610 1412 642 1470 in
674 1412 716 1470 eis
742 1411 843 1487 facies,
875 1413 953 1471 sicut
979 1412 1011 1470 in
1037 1411 1187 1487 prioribus
1245 1471 1246 1476 ,

178 1501 387 1560 demonstravi.
1200 1512 1220 1551 15

120 1588 158 1644 27
244 1590 272 1648 Χ
301 1589 346 1648 De
368 1590 490 1648 ustione.
536 1589 568 1647 in
591 1589 813 1665 comparatione
837 1590 963 1648 duarum
984 1587 1185 1647 valitudinum
1245 1577 1246 1642 Ῐ

178 1678 254 1736 nihil
281 1678 404 1737 dubium
434 1681 479 1736 est
503 1678 653 1736 ustionem
682 1679 889 1737 tantummodo
918 1680 1070 1753 praestare
1100 1695 1188 1753 posse

178 1767 314 1842 pastibus
346 1767 420 1842 suis,
457 1767 482 1825 si
514 1767 561 1825 oui
594 1767 747 1844 sanguinis
784 1767 928 1826 detractio
962 1767 1022 1825 suis
1051 1765 1188 1842 partibus

177 1857 319 1930 praestat.
371 1857 441 1914 sunt
492 1858 593 1913 autem
632 1855 706 1914 haec
750 1856 808 1914 duo
850 1855 1000 1915 adiutoria
1039 1854 1189 1930 principia
1245 1915 1246 1922 ,

179 1945 289 2002 similia
312 1944 458 2003 similibus
480 1943 701 2003 valetudinibus
729 1946 914 2020 comparata,
943 1963 961 2002 a
984 1943 1091 2019 quibus
1113 1963 1187 2002 nun·
1200 1956 1221 1994 a
1245 1933 1246 1998 J

179 2051 270 2108 quam
293 2033 403 2092 discedi
428 2035 535 2108 potest.
581 2052 634 2108 per
657 2033 810 2110 sanguinis
833 2033 1047 2092 detractionem
1070 2051 1188 2090 omnem
1245 2093 1246 2114 ἶ

179 2121 347 2180 strictmam
375 2139 531 2180 causarum
558 2121 655 2180 laxari
683 2122 875 2180 manifestum
902 2124 947 2180 est
968 2122 1017 2180 vel
1040 2121 1189 2196 quaedam
1245 2171 1246 2176 ,

180 2210 351 2288 oonstfingi.
396 2229 474 2269 nunc
498 2211 589 2268 etiam
616 2209 754 2269 similiter
781 2211 877 2270 omnis
904 2211 1017 2269 laxatio
1040 2209 1189 2285 passionis

47 2299 156 2360 106¹b
178 2299 295 2358 ustione
319 2299 533 2376 constringitur
555 2299 603 2358 vel
626 2300 811 2374 quonmdam
834 2298 996 2377 conligatio
1027 2289 1186 2379 solvitur!
1245 2347 1246 2351 ,

122 2386 160 2442 28
179 2406 239 2447 non
266 2387 383 2446 modica
411 2388 546 2463 quaestio
576 2390 622 2446 est
649 2388 851 2466 intelligendi,
881 2407 940 2464 qua
969 2387 1086 2446 ratione
1115 2387 1221 2446 haece
1245 2457 1246 2465 ἵ

178 2476 345 2552 adiutoria,
375 2495 442 2535 cum
472 2477 533 2534 sint
562 2479 716 2552 separata,
749 2477 899 2553 utrimque
935 2477 1032 2535 facere
1064 2477 1188 2551 possint.
1245 2541 1246 2548 ,

179 2565 274 2625 dicere
294 2566 335 2624 sic
353 2565 503 2641 incipiam.
532 2565 685 2643 sanguinis
699 2566 844 2624 detractio
863 2566 1048 2625 solummodo
1067 2567 1191 2640 propter

178 2655 350 2713 strictmam
386 2673 542 2713 causarum
577 2654 737 2712 laxandam
772 2654 837 2713 fieri
868 2654 1059 2730 praecipitur.
1112 2672 1191 2712 nunc

179 2743 270 2801 etiam
293 2743 405 2819 parabo
434 2745 464 2802 et
486 2745 627 2802 monstro.
673 2745 818 2821 netolici,
840 2742 955 2820 vulsici,
979 2741 1116 2817 morbidi,
1140 2763 1189 2800 ne·

178 2831 271 2891 fiitici
301 2832 419 2908 quando
449 2832 555 2891 laxant
575 2832 755 2907 valitudine,
784 2833 850 2908 pati
872 2833 1012 2890 videntur
1040 2831 1073 2888 in
1102 2843 1221 2889 cruram

104 2964 107 2968 .
178 2939 288 2979 eorum.
344 2920 497 2998 sanguinis
527 2921 645 2980 emissio
677 2921 808 2997 primum
839 2921 938 2980 locum
964 2920 1063 2979 habet.
1115 2920 1189 2978 haec

179 3029 249 3087 ergo
283 3009 418 3086 quaestio
451 3008 557 3068 similis
589 3012 620 3068 et
650 3010 682 3068 in
718 3010 867 3069 ustionem
902 3009 1068 3084 invenitur,
1106 3009 1189 3067 cuius

252 3220 265 3267 1
286 3213 365 3284 agita
379 3216 388 3284 ΙΙ
402 3207 593 3284 ipercusserit
607 3182 806 3287 acontidiavitt
825 3213 1025 3268 3committere
1034 3212 1070 3286 114
1082 3212 1188 3285 igar-ra!

178 3284 307 3407 femorcq
322 3291 336 3338 7
353 3285 416 3356 Veg.
427 3287 501 3352 127,
511 3290 528 3339 4
540 3285 544 3357 Ι
557 3285 629 3340 latta
643 3283 673 3338 in
687 3283 793 3356 campis
813 3287 817 3355 Ι
832 3290 863 3338 11
879 3284 962 3340 celle:
976 3302 1044 3340 corr.
1055 3284 1091 3353 B,
1106 3287 1189 3338 cante

179 3355 220 3409 cel
234 3370 286 3408 cau
307 3371 340 3409 ae
358 3357 419 3426 Vep.
434 3359 444 3426 ΙΙ
459 3362 491 3410 16
510 3355 608 3410 usione
623 3355 629 3427 Ι
644 3355 842 3410 valutudinum
855 3357 865 3426 ΙΙ
879 3362 912 3410 19
930 3355 968 3410 ad
985 3355 1101 3411 intorta:
1120 3372 1188 3410 corr.

179 3461 208 3514 B
223 3461 228 3532 Ι
261 3433 342 3532 pici:
361 3460 546 3530 principalia?
560 3464 617 3532 {122
636 3461 816 3532 scripturam:
834 3479 902 3518 corr.
923 3463 961 3516 M
971 3465 980 3534 ΙΙ
994 3469 1028 3518 29
1048 3465 1077 3518 et
1095 3461 1159 3519 eici.
