2470 3902
193 149 259 214 136
364 149 662 230 ¹MULOIOEDIOINA
680 148 849 206 GHIRONIS
867 155 1008 206 rao-442

192 301 275 359 febre
298 319 358 358 non
380 300 445 358 erit.
491 301 532 358 sio
555 320 623 359 eum
645 303 757 359 curato.
798 300 834 358 de
857 319 913 358 ano
936 319 1057 359 manum
1076 300 1178 375 plenam

193 390 331 448 stercoris
355 389 470 448 educito
493 390 525 446 et
546 407 637 447 anum
659 388 775 464 lavato,
803 392 907 464 postea
930 392 1039 449 sumito
1062 387 1178 464 capparis

192 478 323 537 radicem
351 480 381 535 et
408 478 532 553 pistat0,
564 478 596 536 in
626 498 693 536 eum
725 479 834 537 adicito
866 479 943 537 aceti
974 480 1128 538 sextarium
1147 477 1179 551 ·l·,

192 567 363 643 permiscito
387 569 416 625 et
439 567 602 642 potionato.
639 567 664 624 si
686 567 742 626 hoo
764 585 824 624 nou
846 567 1003 644 proficerit,
1025 569 1098 645 item
1113 564 1180 624 aliud

193 654 291 730 dabis,
319 655 400 714 iunci
422 655 541 714 Marsici
563 673 662 714 semen
685 656 771 715 ciatis
793 654 856 714 ΠΠ
883 656 957 714 bene
986 657 1134 731 contritos,
1158 657 1182 710 et
1207 673 1221 710 a

193 744 296 804 addito
320 744 397 802 aceti
420 763 510 819 quam
528 744 625 802 acrius
643 745 804 803 sextarium
822 745 863 818 ·I·,
886 763 964 820 aqua
983 747 1138 804 sextarium
1150 743 1183 814 ·l·,

191 834 362 909 permiscito
386 835 417 891 et
439 832 509 891 dato
532 833 660 907 potione.
707 851 812 892 sanum
833 833 893 894 fiet.
1087 892 1090 896 .

112 923 175 981 489
259 922 318 980 ΧΠ
346 921 378 980 Si
401 921 480 996 quod
507 922 671 980 iumentum
694 922 852 997 peduclum
874 922 905 980 in
932 922 1083 982 intestinis
1106 920 1184 979 habu-

194 1012 260 1084 erit,
283 1011 368 1088 signa
392 1013 477 1069 erunt
499 1010 580 1069 haec.
624 1011 656 1068 in
679 1014 797 1086 pectore
825 1013 915 1086 caput
940 1012 1037 1087 primo
1062 1056 1069 1068 .
1093 1055 1099 1068 .
1122 1027 1185 1084 quae

193 1100 280 1176 signa
308 1098 453 1157 ostendat.
498 1099 576 1158 oculi
605 1099 667 1157 eius
694 1099 809 1158 humidi
841 1103 940 1176 ermrt,
973 1103 1003 1158 et
1035 1099 1221 1158 auriculamn

193 1189 328 1246 dextram
346 1189 529 1246 contractam
550 1187 681 1261 habebit,
702 1207 796 1248 venae
814 1189 892 1247 inter
909 1189 1024 1247 femora
1042 1187 1188 1247 viscerales

193 1277 297 1334 dextra
320 1276 440 1334 sinistra
463 1279 600 1335 extensae
624 1280 693 1336 sunt
716 1278 746 1335 et
767 1277 846 1335 inter
867 1278 956 1352 pedes
978 1277 1116 1336 tuberum
1131 1275 1189 1346 erit,

192 1365 282 1440 pedes
313 1364 491 1439 posteriores
522 1366 683 1441 implicitos
714 1365 842 1424 habebit.
892 1367 918 1426 si
949 1369 1107 1441 utrumque
1135 1367 1189 1422 tra·

192 1454 282 1526 xerit,
312 1453 385 1511 seito
415 1473 483 1512 eum
512 1454 613 1513 morbo
644 1472 777 1529 pressum
807 1472 877 1513 esse.
923 1455 948 1513 si
977 1473 1080 1514 reeens
1101 1454 1190 1524 fuerit,

193 1543 235 1601 sio
263 1543 373 1600 curate.
419 1542 598 1601 detectione
626 1543 718 1602 facito
746 1543 782 1600 de
810 1543 907 1618 eapite
936 1546 966 1602 et
992 1543 1029 1601 de
1057 1542 1190 1602 ambobus
1201 1557 1222 1598 rs

115 1631 174 1688 440
193 1630 353 1689 femoribus
385 1633 414 1689 ct
442 1629 495 1689 sub
527 1649 613 1690 cnrra
639 1649 732 1690 venae
760 1650 836 1706 quae
864 1635 933 1691 sunt
966 1632 1093 1691 exinani.
1138 1631 1191 1689 alio

192 1720 240 1778 <lie
272 1721 425 1795 potionem
453 1719 538 1778 dabis
567 1720 689 1795 panacis
723 1720 853 1779 radicem
883 1739 908 1808 p
939 1722 1083 1796 quadran.
1128 1721 1192 1778 haec

192 1809 225 1867 in
251 1827 310 1867 uno
343 1811 474 1867 conteres
507 1810 538 1867 et
569 1829 604 1866 ex
630 1810 700 1869 vino
732 1812 763 1867 et
793 1809 881 1868 melle
914 1809 1036 1868 decocta
1067 1811 1099 1866 in
1130 1811 1192 1868 rino

191 1898 293 1956 miscis
324 1899 354 1955 et
385 1916 438 1972 per
468 1897 567 1957 triduo
599 1897 752 1973 potionem
787 1897 879 1957 dabis.
935 1898 994 1957 alio
1031 1898 1133 1956 triduo
1163 1897 1193 1955 sil

194 1984 344 2044 Gallicum
366 2003 445 2060 aqua
467 1987 564 2044 mulsa
587 1990 617 2045 et
639 1987 762 2046 mirram
785 1989 815 2045 et
837 1989 959 2046 costum.
1004 1987 1078 2046 haec
1101 1988 1223 2045 omniur

193 2073 321 2132 articula
343 2074 506 2133 causticato
530 2079 560 2134 et
582 2075 752 2135 unctionem
774 2079 880 2150 parato
904 2079 935 2134 et
957 2075 1011 2135 sub
1038 2094 1114 2134 aura
1137 2076 1194 2134 dor·
1233 2109 1234 2134 r

190 2163 268 2221 miat
290 2165 320 2220 et
342 2162 431 2221 offam
453 2183 508 2238 per
530 2163 629 2222 triduo
653 2163 750 2240 dabis,
779 2164 909 2242 axungia
937 2167 966 2222 et
993 2165 1058 2240 pice
1086 2164 1194 2240 liquida

193 2252 275 2310 offas.
322 2268 429 2310 sanum
451 2253 511 2314 fiet.

115 2339 173 2396 441
259 2339 334 2398 XIII
371 2339 402 2399 Si
439 2342 520 2416 quod
554 2341 720 2400 iumentum
747 2359 765 2399 a
797 2341 945 2400 vermibus
983 2341 1195 2413 molestabitur,

193 2429 279 2506 signa
301 2427 389 2486 huius
412 2433 498 2488 erunt
520 2430 600 2489 haec.
643 2429 789 2506 calcitrat,
813 2430 975 2506 exporrigit
996 2430 1095 2507 pedeS,
1119 2431 1233 2495 volu-rs,

191 2520 283 2577 tatur.
321 2517 362 2576 sic
381 2537 449 2576 eum
467 2521 578 2578 curato.
616 2537 706 2577 comu
730 2519 881 2578 cervinum
902 2518 1043 2596 inradito,
1065 2519 1195 2594 lupinum

191 2606 293 2666 fricito
323 2609 353 2665 et
382 2607 565 2666 contundito.
606 2607 680 2665 bene
710 2626 776 2666 cum
813 2608 870 2666 erit
902 2607 1064 2682 minutum,
1098 2609 1195 2667 addito
1231 2647 1232 2652 κ

192 2697 306 2756 stercus
335 2695 536 2755 columbinum
566 2697 596 2754 ct
625 2695 695 2754 dato
725 2695 827 2754 bolum
860 2697 892 2754 in
921 2695 969 2754 die
1000 2696 1032 2753 in
1065 2697 1136 2756 vino
1165 2717 1195 2755 ne
1231 2741 1232 2777 ,

190 2783 290 2843 minus
318 2785 479 2843 sextarium
503 2784 550 2845 ·1·.
581 2784 715 2860 tepidum
740 2785 832 2844 bibat.
881 2785 938 2844 hoc
963 2803 1079 2845 vermes
1105 2791 1194 2846 necat

194 2893 230 2930 ex
251 2875 308 2931 hac
330 2892 362 2931 re
385 2891 489 2931 sanum
511 2873 570 2932 fiet.
1204 2871 1231 2931 ul

115 2960 174 3017 442
259 2961 331 3020 XIV
366 2961 411 3020 De
442 2959 597 3022 orudItate.
651 2963 676 3020 si
712 2961 791 3037 quod
826 2962 992 3021 iumentum
1023 2963 1195 3022 crunnum

193 3067 314 3125 passum
343 3050 445 3126 fuerit,
478 3052 563 3127 signa
595 3053 682 3108 erunt
713 3051 794 3108 haec.
847 3049 966 3109 sudabit
995 3053 1026 3108 et
1053 3051 1196 3126 prioribus

193 3139 285 3197 armis
308 3139 469 3216 inligatum
492 3140 562 3216 erit,
589 3139 640 3198 rix
663 3137 809 3214 ambulat,
839 3139 990 3198 febricitat
1017 3140 1149 3216 assidue,
1171 3161 1195 3200 se
1229 3159 1230 3176 ³

192 3228 225 3285 in
247 3230 361 3286 terram
383 3230 499 3302 proicit,
523 3229 664 3304 quoniam
688 3230 848 3287 stercorare
871 3247 931 3286 non
953 3230 1060 3303 potest
1103 3230 1196 3289 huius-

264 3367 280 3414 6
300 3359 437 3414 aerissimi
454 3361 483 3414 B
503 3362 512 3429 ΙΙ
535 3366 550 3414 9
574 3360 664 3430 primo
688 3349 767 3426 9fa7tb
789 3363 840 3417 sic:
867 3360 970 3432 premit
994 3365 1196 3434 gravaturque?
1228 3377 1229 3392 ¹

191 3432 283 3501 primo
302 3433 398 3484 curato
417 3432 445 3484 B
467 3434 476 3500 ΙΙ
500 3437 533 3484 13
556 3431 694 3501 implicito
716 3438 725 3502 ΙΙ
749 3440 782 3486 15
801 3433 944 3489 derationa
966 3433 976 3501 tl
1000 3438 1033 3486 17
1057 3451 1168 3502 quamn
1186 3439 1194 3508 l

193 3507 227 3554 25
252 3501 384 3570 sporrigit
397 3504 406 3570 ΙΙ
421 3507 453 3553 27
472 3501 548 3556 licito
