2462 3906
191 115 257 182 292
380 113 662 170 MULOMEDIOOEA
680 112 850 169 cHIRONIs
869 118 1009 168 cra-cer

190 265 282 325 bdelii
299 282 324 353 p
343 264 380 340 b,
404 265 543 341 propolin
566 283 635 324 acra
652 281 678 352 p
696 263 734 340 be,
758 282 949 340 appoponace
964 310 970 324 .
986 310 1008 339 .,
1034 283 1083 323 aes
1099 267 1185 323 ustum

190 355 332 413 Italicum
358 371 383 442 p
407 354 449 429 b,
476 355 542 429 pice
564 353 662 412 Britia
687 370 714 441 p
740 351 784 428 li,
809 353 941 412 medulla
968 355 1089 414 cervina
1113 371 1134 442 p
1154 353 1186 426 b,

78 503 83 510 ,
191 442 301 503 castori
323 460 348 531 p
367 445 409 520 b,
432 443 531 502 resina
553 442 642 502 fricta
663 458 689 529 p
710 441 756 518 11,
778 441 912 501 dicamcu
933 459 958 530 p
984 456 1014 524 p,
1038 442 1185 501 colofoniae

190 549 215 620 p
237 531 279 606 11,
302 532 479 592 ammoniaci
501 549 526 632 p
547 531 591 605 H,
613 530 738 590 storacis
761 532 849 608 gutta
870 548 896 619 p
918 531 961 605 b,
984 531 1106 590 alumen
1125 531 1186 590 vali·

191 621 262 680 dum
331 621 370 695 b,
393 620 515 698 galbam
537 638 562 721 p
585 621 624 694 b,
645 637 756 678 manne
778 619 875 678 thuris
897 636 920 698 p
943 619 981 679 tr.
1210 637 1217 648 ’

117 707 173 766 978
259 638 309 768 ai>
320 709 450 768 scabiem
471 709 719 768 medicamentum
742 709 784 768 sic
806 708 889 767 facis.
925 709 999 767 nitri
1021 727 1047 798 p
1066 723 1097 784 s,
1118 727 1186 768 cerae

188 799 265 887 pl,
294 798 390 857 sulfur
411 799 512 856 rufum
533 815 559 886 p
581 811 616 874 s,
648 794 744 873 [cerae
766 814 791 885 p
815 791 873 876 b]‚
901 798 966 873 pice
988 797 1108 873 liquida
1128 797 1187 886 pl,

86 937 88 940 .
191 888 290 946 oleum
314 889 345 945 et
367 889 484 946 acetum
507 887 546 944 ad
567 886 697 945 modum.

258 975 297 1034 ad
315 975 418 1034 album
435 975 467 1034 in
486 975 570 1035 oculo
588 977 745 1034 recentem.
782 992 899 1033 crocum
919 974 974 1049 31,
997 976 1071 1034 salis
1093 993 1188 1034 ammo

124 1141 125 1144 Ἴ
191 1065 271 1124 niaci
299 1079 317 1137 3
341 1064 369 1142 I,
396 1064 508 1141 piperis
531 1083 625 1141 grana
647 1063 730 1139 XXI,
758 1081 875 1122 murrae
898 1063 1063 1141 trigonitae
1086 1082 1108 1144 p
1129 1079 1218 1140 qua-ro

67 1153 169 1213 roem
194 1154 268 1213 dran
292 1198 321 1214 ..
343 1153 441 1212 mellis
461 1148 465 1232 l
486 1152 593 1212 tumini
615 1171 669 1227 pro
691 1153 790 1212 modo.

116 1241 174 1297 919
259 1242 434 1316 compositio
457 1241 587 1318 potionis
610 1241 769 1301 aestivalis
805 1243 981 1318 tragantum
998 1239 1075 1388 ἇέΠό,
1093 1241 1187 1317 piperis

190 1349 285 1408 grane
314 1331 383 1405 XX,
415 1350 517 1390 murra
548 1330 694 1407 trigonita
724 1347 750 1418 p
782 1344 812 1410 p,
843 1330 906 1390 vini
937 1343 978 1389 «99
1058 1375 1067 1406 ,
1104 1332 1187 1390 oleum

190 1438 308 1477 roseum
330 1420 369 1478 ad
391 1419 520 1497 modum,
543 1419 620 1478 croci
645 1433 663 1491 3
686 1418 726 1497 H,
749 1418 846 1478 thuris
867 1418 993 1478 masculi
1017 1436 1045 1508 p
1066 1433 1099 1493 8.
1140 1436 1186 1477 uno

190 1508 324 1567 iumento
346 1509 499 1583 potionem
524 1507 616 1566 dabie.
1197 1521 1214 1560 c

115 1595 174 1654 989
258 1597 283 1656 si
302 1598 383 1674 quod
400 1597 565 1657 iumentum
582 1597 735 1672 parotidas
752 1595 900 1673 habuerit,
914 1596 1000 1674 signa
1018 1596 1093 1655 haec
1107 1597 1186 1654 erunt.

190 1685 269 1744 infra
292 1686 442 1745 auriculas
464 1686 619 1745 tubercula
636 1685 759 1745 habebit
779 1688 924 1761 tunquam
945 1685 1029 1743 mala
1051 1686 1083 1744 et
1105 1684 1187 1744 cibun

192 1793 252 1834 non
271 1775 414 1851 conficiet,
434 1767 507 1834 'narn
529 1775 592 1833 sine
610 1774 742 1833 febribus
759 1793 820 1833 non
839 1776 892 1832 est.
927 1775 971 1832 sic
989 1793 1058 1833 eum
1076 1772 1186 1833 curabis.

189 1863 239 1921 fici
256 1880 281 1951 p
300 1862 324 1938 Ι,
346 1863 419 1922 nitri
517 1865 650 1924 conteres
674 1863 787 1924 minute
811 1865 842 1921 et
863 1862 1035 1922 commisces
1057 1862 1091 1921 in
1109 1880 1186 1921 unum
1228 1879 1230 1885 ⁴

190 1954 222 2010 et
249 1969 371 2028 sparges
399 1954 497 2028 aceto,
524 1952 626 2012 inlinis
653 1952 685 2010 in
714 1969 813 2027 panno
842 1953 873 2010 et
899 1951 1034 2027 impones
1057 1950 1215 2028 partibus]

192 2041 217 2098 si
243 2040 300 2099 hoo
326 2059 387 2100 non
413 2041 584 2118 profecerit,
612 2041 752 2119 spongias
779 2057 871 2101 novas
899 2060 935 2098 ex
956 2058 1048 2115 posca
1071 2041 1185 2099 lasarata

191 2127 332 2202 impones.
369 2129 394 2188 si
412 2131 468 2189 hoc
485 2149 544 2190 non
564 2130 732 2206 profecerit,
749 2129 835 2189 irisci
853 2129 967 2188 radices
986 2147 1055 2188 curn
1073 2127 1185 2205 axungia
1228 2117 1229 2126 ’

190 2217 354 2276 contundes
382 2220 412 2276 et
439 2219 577 2294 adpones.
623 2218 649 2278 si
675 2219 730 2278 hoe
757 2237 817 2276 non
843 2218 1017 2294 profecerit,
1046 2238 1083 2276 ex
1104 2217 1184 2276 farina

191 2305 334 2365 ordeacea
361 2308 393 2365 et
419 2327 455 2366 ex
481 2308 579 2366 resina
606 2307 696 2366 fricta
717 2307 833 2383 pultem
854 2306 958 2383 facies,
987 2325 1023 2365 ex
1046 2325 1123 2383 aqua
1142 2307 1184 2362 in·

190 2413 291 2472 pones,
310 2394 403 2454 donec
420 2414 476 2471 pus
490 2396 591 2456 faciat
628 2416 695 2456 cum
708 2397 859 2454 maturum
872 2413 934 2454 esse
948 2395 1069 2471 videris,
1088 2394 1214 2471 aperies!

190 2484 345 2559 scerpello.
389 2503 424 2543 ex
446 2487 587 2560 apertura
609 2485 740 2546 linteolis
764 2503 799 2542 ex
822 2485 905 2543 aceto
930 2502 996 2542 cum
1019 2485 1085 2542 oleo
1107 2481 1184 2542 madi·

191 2572 236 2631 dis
259 2573 390 2650 curabis,
417 2592 512 2650 usque
536 2573 607 2632 dum
633 2574 741 2634 vulnus
763 2592 871 2648 purum
894 2572 957 2631 fiat
1002 2591 1070 2632 cum
1092 2589 1184 2649 purum

75 2675 78 2682 ’
189 2661 290 2737 fuerit,
312 2661 414 2721 licinio
433 2662 600 2721 curabimus
622 2664 794 2740 spargentes
817 2661 971 2737 puluerem
994 2681 1030 2720 ex
1048 2661 1119 2720 mali
1134 2677 1182 2718 cor

189 2750 249 2809 tice
270 2751 320 2811 vel
343 2770 434 2811 cornu
456 2750 567 2811 cervini
588 2751 734 2811 combusti
751 2750 883 2827 pulvere,
906 2749 998 2809 donec
1016 2767 1119 2809 sanum
1134 2747 1181 2806 fiat.

113 2940 171 2999 981
256 2943 344 3004 Nunc
375 2944 532 3021 incipimus
562 2947 843 3020 commentariorum
874 2945 1007 3004 omnium
1044 2953 1209 3006 causarum*

188 3033 417 3110 morborumque
456 3035 619 3111 disputatio
655 3030 772 3113 †nasci
806 3035 888 3094 odor.
937 3035 1032 3094 bestia
1066 3032 1179 3094 veterina

262 3189 276 3236 1
291 3185 420 3255 propolin
433 3185 575 3242 Atticam?
589 3203 670 3241 saera
678 3187 706 3240 B
720 3189 729 3257 ΙΙ
744 3192 759 3240 9
779 3185 872 3240 dicem
884 3187 933 3252 sic,
946 3186 982 3253 cf.
993 3189 1048 3241 903
1061 3189 1070 3256 l
1084 3190 1098 3238 1
1111 3194 1178 3252 ceput

187 3271 211 3327 p
226 3253 251 3307 1-
270 3254 298 3307 B
321 3258 330 3326 ΙΙ
353 3260 369 3309 9
388 3256 541 3312 armeniaci
567 3259 576 3320 ll
605 3265 637 3312 11
657 3257 792 3312 tumnini:
810 3273 880 3314 corr.
898 3258 926 3310 B
945 3259 990 3339 (ε
1003 3255 1120 3326 thymini
1134 3255 1176 3306 tr·

188 3323 392 3403 tbymosi)1112
412 3327 544 3382 extibalis
557 3331 567 3398 ΙΙ
582 3333 615 3383 11
634 3328 724 3383 malos
738 3334 747 3393 ΙΙ
762 3334 795 3381 30
813 3327 844 3382 in
862 3327 1023 3409 quipprmus
1042 3329 1047 3400 l
1062 3329 1093 3382 iu
1109 3337 1177 3392 uurs-

188 3390 236 3445 hrc
251 3393 354 3448 iterum
368 3396 491 3466 explicat
503 3399 587 3453 finem
600 3399 692 3470 operis
705 3402 715 3469 ll
729 3405 763 3453 31
779 3397 984 3468 disputauones
1001 3399 1107 3454 clodere
1123 3396 1147 3464 (t
1158 3409 1173 3447 r.

191 3461 331 3533 claudere)
345 3466 373 3518 B
386 3469 396 3535 ΙΙ
410 3468 501 3522 uestia
