2474 3912
229 155 292 220 166
416 153 700 209 MULOMEDIOINA
718 153 889 210 uffiaorus
908 159 1049 210 soa-509

228 305 350 365 adsidue
369 307 400 364 et
417 305 596 364 minutatum
615 304 721 364 reddit.
759 304 942 364 adiutorium
965 306 1107 365 adhibere
1127 325 1183 382 opo
1205 332 1210 357 ι

226 396 258 452 et
287 394 319 452 in
350 394 536 454 continentia
568 395 608 453 ad
639 412 758 454 rursum
789 395 961 470 produeere,
994 398 1024 453 et
1057 396 1201 454 extendor

227 483 268 542 sio
291 485 383 558 eaput
406 486 436 542 et
464 501 551 542 nares
581 483 771 559 scalpellabis
803 482 977 558 flebotomo,
1008 484 1180 560 adaperire,

227 572 402 649 sanguinem
427 572 604 631 defluentem
625 573 824 646 transylutr'at.
865 575 895 631 et
918 572 1024 631 deinde
1049 573 1179 633 excitare
1204 598 1207 623 ι

226 660 477 719 deambulandum
503 663 534 720 et
555 661 712 720 infundere
736 661 763 719 ei
785 679 910 737 pinnum
938 662 970 719 et
998 662 1156 721 triticeum
1198 686 1209 711 ι

226 768 329 824 passu,
362 752 416 808 aut
445 750 470 808 si
499 751 555 808 hoe
578 749 720 825 defuerit,
747 767 838 808 uvam
865 768 986 825 passam
1009 753 1166 810 conterere
1187 769 1214 809 se·

226 841 329 898 ventes
352 838 384 896 in
407 839 477 898 vino
500 841 532 896 et
555 838 597 898 sio
619 838 774 898 infundere
798 839 991 914 tepefactum.

98 995 100 1000 ¹
152 919 207 976 5⁰?
294 927 407 986 XLVII
426 926 458 985 Si
476 946 543 987 mus
561 945 666 986 eaeeus
683 927 879 986 momorderit
897 945 983 1003 equo,
1006 927 1127 987 labium
1145 927 1208 987 star'

226 1017 254 1074 ei
276 1016 479 1076 intimeseunt
501 1017 600 1075 totoni
623 1019 654 1075 et
674 1034 769 1076 nares.
798 1016 846 1076 oui
864 1018 950 1075 aeeto
969 1018 1002 1076 et
1018 1017 1125 1076 oleum
1144 1018 1205 1075 dein

226 1107 310 1164 eoeto
329 1105 395 1164 ·hoe
424 1124 570 1182 perunge,
603 1108 634 1163 et
662 1107 768 1181 postea
798 1105 947 1164 cauteriaa
976 1123 1116 1164 morsum
1150 1109 1179 1164 et
1203 1130 1207 1151 ι
1236 1112 1237 1115 ’

225 1194 340 1253 mentio
368 1194 435 1252 loea
458 1215 494 1252 ex
517 1194 597 1270 aptis
620 1193 755 1253 articulis
785 1196 840 1252 aut
868 1194 1013 1253 nerviosis
1044 1194 1134 1254 loeis
1178 1214 1201 1252 e·
1236 1154 1237 1237 1

226 1283 363 1357 vulnera,
391 1283 469 1341 sieut
495 1283 683 1359 praedictum
712 1285 771 1358 est,
801 1285 833 1341 et
859 1283 1048 1358 cataplasma
1075 1284 1173 1343 faras
1197 1307 1200 1333 =
1235 1242 1237 1389 1

226 1371 359 1430 ordiaoia
381 1371 480 1430 farina
503 1376 556 1431 aut
577 1371 697 1430 triticea
727 1391 794 1430 enm
816 1371 887 1431 vino
917 1373 948 1430 et
977 1371 1059 1449 oleo,
1094 1391 1205 1449 quousq

225 1460 321 1537 ustio,
358 1463 389 1518 et
420 1464 525 1536 postea
561 1460 697 1520 iumenta
734 1478 813 1535 aqua
842 1460 957 1535 calida,
995 1460 1108 1520 deinde
1139 1481 1197 1520 vm·
1234 1424 1237 1567 J

226 1551 257 1606 et
289 1549 408 1607 alumen
440 1550 564 1609 scissum
595 1549 727 1626 levigato
759 1567 795 1607 err
827 1549 915 1624 adipe
949 1549 1047 1610 suillo.
1108 1551 1207 1610 hiso
1235 1574 1237 1595 ι

226 1637 313 1696 nibus
345 1638 513 1697 commixtis
545 1640 577 1696 et
607 1637 796 1696 commolatis
834 1638 1050 1714 cataplasmas,
1095 1657 1205 1715 quousq
1234 1664 1237 1685 ι

226 1745 331 1785 sanum
351 1726 411 1785 fiet
449 1729 480 1785 et
498 1745 639 1803 quaerere
659 1726 747 1785 debes
766 1726 892 1785 eundem
910 1727 1054 1804 migalem
1073 1728 1177 1788 oomb·
1201 1754 1207 1777 ·-
1235 1754 1237 1773 ι

149 1816 207 1873 508
227 1817 258 1873 et
279 1816 426 1892 fumigare
450 1816 532 1878 eiet
559 1815 659 1874 losum
685 1816 783 1891 ipsum
813 1815 939 1874 inurere.
985 1815 1040 1874 alii
1063 1816 1113 1876 sie
1138 1836 1166 1876 o·
1190 1842 1207 1865 ει

226 1904 362 1963 morbida
379 1905 412 1962 in
431 1923 511 1979 aqua
528 1904 694 1980 reponitur,
714 1906 766 1963 oti
784 1906 852 1963 rota
870 1904 1018 1982 transivit,
1039 1909 1165 1965 acetum
1186 1928 1207 1955 τι
1235 1955 1236 1962 ,

100 1986 202 2045 134¹b
225 1993 425 2052 infundentes·
470 1994 607 2052 auferent
633 1993 732 2052 lutum
752 1986 756 2072 1
777 1993 814 2051 de
842 1993 945 2051 eadem
978 1993 1081 2052 orbita
1119 1999 1150 2054 et
1183 2020 1203 2043 ι·

225 2085 392 2159 pungentes
411 2100 463 2141 aco
483 2084 537 2140 aut
559 2081 685 2159 grafiolo
708 2082 784 2157 loea,
808 2100 884 2157 quae
906 2084 939 2140 ia
961 2082 1061 2142 oensis
1083 2087 1165 2159 sunt,
1182 2103 1207 2158 p=
1234 2110 1235 2117 ι

225 2173 350 2247 angunt.
397 2171 449 2230 sed
478 2171 545 2230 loeo
572 2173 602 2229 et
628 2170 797 2229 searifieant
823 2173 854 2228 et
876 2170 1063 2230 cucurbitam
1090 2173 1201 2249 impon·

226 2261 257 2316 et
279 2259 455 2337 sangninem
476 2260 650 2337 detrahant,
681 2262 750 2318 ante
774 2259 990 2336 praefrieantes
1013 2263 1121 2339 aceto,
1145 2261 1203 2319 dein

225 2348 289 2406 luto
313 2351 512 2426 perungentes
539 2348 651 2423 loenm,
682 2348 762 2424 quod
792 2347 828 2406 de
856 2347 954 2408 orbita
982 2367 1052 2408 oum
1076 2353 1166 2410 aoeto
1187 2369 1207 2407 ιι
1234 2363 1235 2366 ’

148 2430 206 2486 {¹⁰9
225 2437 335 2496 leotum
359 2437 511 2513 aoeipitur.
558 2437 610 2496 sed
634 2437 659 2496 si
686 2439 821 2496 mortuus
848 2437 940 2495 fuerit
967 2441 994 2496 et
1022 2439 1135 2498 statim
1161 2440 1207 2496 in

225 2527 336 2585 lectum
358 2526 462 2602 fuerit,
492 2526 572 2585 loteo
601 2529 712 2584 terram
736 2526 772 2584 de
796 2525 895 2585 orbita
922 2531 1161 2605 oonspargentes
1188 2554 1207 2579 ··-

224 2617 360 2693 unguent
389 2617 443 2673 aut
477 2615 576 2690 ipsum
602 2616 733 2673 terentes
765 2614 935 2673 infundunt.
982 2615 1051 2691 alii,
1084 2620 1200 2692 anteq·

225 2705 407 2782 perungant,
440 2700 520 2780 [alii]
554 2705 585 2761 et
614 2703 703 2762 taeda
733 2706 787 2762 eut
814 2722 906 2762 cornu
934 2706 988 2762 aut
1018 2705 1155 2781 galbano
1180 2705 1200 2761 l·

226 2793 389 2870 fumigant,
420 2791 526 2851 deinde
550 2791 592 2851 sie
619 2795 798 2870 perungunt.
845 2792 870 2851 si
898 2791 1023 2868 aliquod
1051 2813 1090 2853 ea
1120 2813 1188 2871 qua·

225 2881 350 2957 pedibus
383 2899 401 2940 a
432 2901 515 2940 mure
544 2899 630 2940 eaeeo
664 2899 796 2940 morsum
828 2881 932 2956 fuerit,
969 2881 1070 2957 ipsum
1104 2882 1201 2960 migal-

298 3087 517 3142 lminutarum·
536 3085 701 3141 minutatim
723 3085 1002 3158 789114ἀ81188ι118
1027 3091 1031 3158 1
1054 3087 1201 3142 transiere

225 3175 293 3214 corr.
317 3159 434 3230 789115
453 3159 797 3240 purrum=porrumssfl
817 3158 1044 3228 9111220899
1067 3159 1133 3230 789.
1156 3159 1202 3212 V?

225 3231 319 3301 Pelaq.
338 3232 479 3301 2798911
503 3233 587 3300 1089.
606 3227 747 3282 tumentia
764 3228 806 3284 B.
833 3245 898 3283 eum
921 3200 1042 3299 etiamid
1063 3228 1205 3300 1289μί

225 3248 409 3356 autoreliaoia
422 3304 432 3371 11
447 3306 479 3354 13
500 3302 550 3354 aut
563 3247 691 3368 supplevi
704 3302 714 3370 11
728 3304 762 3353 15
781 3301 832 3382 etl}
848 3304 880 3354 17
894 3299 1082 3369 migalem=
1097 3303 1199 3371 μυγαλῆ

227 3377 260 3425 19
278 3371 407 3440 reponite
435 3375 440 3441 1
468 3370 518 3425 nbi
536 3371 662 3440 eupoleri
690 3373 694 3440 1
723 3370 860 3425 transibit
885 3372 895 3440 11
922 3377 956 3424 21
977 3389 1066 3440 qnam
1090 3375 1094 3444 1
1124 3389 1163 3441 89.
1179 3385 1206 3440 pe

224 3444 461 3581 punguntss:t
395 3458 464 3497 corr
483 3441 511 3496 B
538 3444 547 3511 11
575 3447 609 3496 25
633 3443 662 3496 et
685 3443 785 3497 addidi
803 3444 813 3512 11
841 3447 874 3497 26
897 3459 935 3511 89.
955 3459 1007 3512 per
1031 3447 1207 3515 ιιιιςιιοιιῒιιι

225 3512 342 3567 corrB
379 3513 461 3567 290t
