2470 3902
245 167 527 223 MULOMEDICINA
544 167 714 224 CHIRONIS
733 175 873 226 aaa-lau
998 169 1064 236 135

35 339 171 396 posnam
203 319 289 394 dato,
321 321 375 376 aut
406 319 589 377 cameleonta
620 319 726 377 tritum
757 320 895 379 similiter
923 323 955 379 in
981 323 1062 398 vino,

38 411 84 468 ita
115 410 157 467 ut
189 408 292 466 omnia
320 409 455 484 singulae
485 408 615 483 rotulae,
651 411 682 466 et
710 408 764 466 fiat
794 409 918 486 singulis
948 410 1060 470 diebus.

39 518 86 557 res
118 497 208 556 enim
238 497 368 555 difficilis
396 495 523 557 morbus.
572 497 721 572 oportebit
750 500 850 555 autem
878 498 910 555 in
939 499 1060 574 potione

40 589 105 645 eius
134 585 268 644 nitriam
297 585 381 644 adici.
426 587 499 644 item
525 586 557 643 in
588 586 656 643 feno
689 589 719 644 et
750 586 782 643 in
813 586 902 645 ordeo
934 589 1060 665 spargis.

7 677 116 735 sfaeit
152 677 260 733 autem
287 677 317 732 et
348 673 464 734 aburwu
491 675 531 734 ad
566 675 629 734 hoo.
671 674 780 733 dieitur
802 673 921 750 quidem
945 675 982 733 ab
1006 677 1061 734 ali-

37 765 155 840 quibus
199 766 336 838 oportere
372 781 422 821 eos
460 763 547 822 inuri.
598 763 683 822 nobis
722 767 822 822 autem
861 781 921 822 non
953 764 1061 840 plaeet,

35 857 103 930 ipse
130 855 216 912 anua
245 852 327 910 loeus
348 851 528 910 naturaliter
556 852 706 928 perducit,
736 855 858 927 propter
888 852 967 928 quod
991 869 1060 912 oau-

35 944 157 1002 terium
181 940 305 1017 refugit.

105 1031 155 1090 IX
183 1029 217 1088 Si
245 1029 324 1104 quod
346 1029 510 1087 iumentum
532 1029 643 1104 splenis
666 1030 765 1088 dolore
795 1029 988 1106 laboraverit,
1017 1031 1060 1090 sie
1078 1027 1139 1084 436

12 1119 213 1198 cognoscis.
260 1121 363 1176 venter
384 1117 491 1176 erescit
512 1120 543 1176 et
565 1118 629 1176 sine
655 1117 726 1176 ullis
752 1119 974 1194 respiramentis
1003 1119 1060 1177 erit

34 1215 66 1269 et
89 1211 126 1268 in
153 1207 298 1282 equitatu
324 1207 500 1281 expavescit.
545 1207 587 1265 sio
617 1225 685 1265 eum
715 1207 839 1266 surabis.
884 1207 1060 1286 sanguinem

33 1301 71 1358 de
95 1293 271 1356 brachiolis
294 1295 322 1354 ei
344 1295 474 1353 detrahis
498 1297 528 1352 et
555 1295 591 1353 ab
619 1296 707 1354 ordeo
735 1315 802 1354 eum
829 1296 1002 1372 abstinebis,
1025 1299 1061 1354 ut

33 1387 240 1448 emacreseat
273 1384 305 1442 in
318 1385 438 1459 potione
453 1387 552 1442 autem
567 1385 629 1442 eius
643 1384 727 1442 dabis
741 1385 848 1444 calami
863 1385 1008 1461 Syriaoi5
1019 1385 1059 1461 ·I·,

31 1479 65 1535 in
87 1477 144 1534 die
173 1473 262 1531 dabis
285 1473 439 1530 denarium
457 1473 544 1530 unius
561 1474 676 1548 pondus
695 1493 731 1531 ex
753 1474 822 1533 vino
841 1475 936 1549 oyatis
955 1475 1059 1534 tribus.

4 1568 58 1625 asi
76 1567 142 1624 hoo
168 1579 234 1620 non
255 1561 413 1636 proficerit,
435 1565 506 1620 tuno
529 1559 671 1620 absinthii
693 1563 780 1620 unius
798 1563 913 1638 pondus
935 1583 972 1621 ex
989 1565 1060 1622 vino

31 1655 124 1714 dulce
158 1651 251 1710 oiatis
279 1650 373 1709 tribus
401 1650 493 1708 dabie.
538 1650 564 1708 si
590 1652 646 1708 hoo
675 1669 734 1708 non
764 1650 925 1726 proficerit,
955 1651 1058 1711 naulae

31 1741 186 1819 capparis
211 1741 268 1797 aut
289 1756 448 1814 eapparem
475 1737 587 1798 salsum
603 1739 709 1798 tritum
727 1741 936 1816 argenteorum
958 1739 1058 1797 IIorum

30 1833 160 1908 pondus
186 1831 221 1886 et
242 1827 339 1886 mellis
362 1827 453 1886 libras
471 1828 502 1886 Π
525 1849 562 1886 ex
584 1846 663 1903 aqua
681 1828 783 1902 tepida
800 1829 948 1903 permixta
965 1827 1058 1886 dabis.

32 1920 170 1980 oottidie
194 1933 265 1974 eum
287 1933 377 1974 manu
399 1915 514 1976 flieato.
556 1917 635 1992 quod
654 1916 679 1975 si
701 1919 897 1992 permanserit
914 1917 1058 1993 valitudo,

6 2012 152 2069 oedures
179 2025 251 2064 eum
275 2025 309 2062 ex
330 2006 463 2080 utrisque
487 2006 629 2081 partibus.

99 2098 133 2156 X
160 2095 211 2154 De
230 2093 407 2168 pediculosa
440 2095 558 2169 siquod
578 2095 742 2152 iumentum
755 2093 906 2169 pedionlos
920 2094 1058 2154 habuerit
1076 2091 1134 2148 437

30 2190 63 2246 in
87 2182 296 2264 praecordiis
317 2183 404 2258 signa
426 2183 513 2241 huius
536 2185 606 2241 sunt
627 2183 708 2242 haee.
745 2182 933 2258 torquebitur
955 2183 1058 2258 solide,

30 2276 173 2352 proiciet
198 2290 231 2330 se
255 2274 284 2328 et
306 2271 468 2347 volutabit,
495 2290 707 2346 nonnunquam
729 2272 761 2329 in
784 2271 900 2330 lumbos
921 2272 1005 2331 sedet
1028 2276 1058 2331 et

33 2367 143 2424 dolore
166 2360 294 2418 hinniet.
340 2360 383 2418 sio
406 2377 473 2418 eum
496 2360 619 2419 sanabis.
660 2359 734 2418 folia
757 2360 896 2436 caprofici
919 2361 1056 2436 conteris,

5 2467 68 2513 aex
92 2454 176 2512 vino
201 2447 300 2523 dabis,
328 2449 447 2507 cibariis
474 2447 613 2507 mollibus
636 2451 727 2507 utere.
772 2449 798 2506 si
824 2449 880 2508 hoo
907 2467 966 2508 non
989 2467 1057 2525 pro-

33 2542 156 2616 fecerit,
182 2537 241 2595 hoo
265 2537 292 2594 ei
314 2533 406 2597 dabis.
443 2538 631 2596 coriandrum
654 2538 778 2595 viridem
802 2557 836 2596 ex
859 2555 938 2612 aqua
960 2538 1057 2596 mulsa

34 2627 187 2696 etnim-io
207 2625 360 2701 potionem
379 2626 470 2686 dabis,
508 2627 614 2685 deieiet
631 2643 741 2703 omnes,
763 2626 881 2685 etiamsi
898 2625 1058 2684 lumbricos

33 2721 161 2779 habeat.
184 2711 189 2792 1
1083 2713 1195 2772 130¹b

101 2807 152 2868 XI
179 2805 226 2862 De
250 2803 405 2862 vermibus.
443 2803 466 2860 si
492 2803 571 2878 quod
588 2803 753 2860 iumentum
771 2819 885 2862 vermes
903 2803 935 2860 in
953 2805 1055 2861 ventre
1074 2799 1134 2857 488

4 2894 194 2968 rehabuerit,
219 2891 304 2968 signa
325 2895 412 2950 erunt
429 2892 509 2950 haee.
545 2891 700 2951 volutatur
718 2893 748 2950 et
766 2892 857 2966 eaput
873 2891 905 2948 in
922 2893 1056 2950 ventrem

34 2985 169 3046 habebit
191 2979 233 3038 ad
255 2980 348 3056 iliam,
370 2981 447 3039 nihil
473 2977 540 3057 [eis]
566 2979 625 3040 eibi
649 2981 747 3056 capiet
774 2983 805 3038 et
831 2979 913 3038 bibet
941 2982 971 3038 et
992 2980 1055 3038 sine
1105 2975 1107 2979 ’

109 3166 242 3226 aemuia
257 3166 314 3220 sint
327 3167 340 3220 l
353 3165 448 3220 ootula
462 3167 490 3220 Β
503 3169 512 3236 fl
526 3172 542 3220 b
558 3166 670 3221 alumen
689 3165 726 3220 ad
744 3165 854 3220 addidi:
873 3163 943 3220 ἔνιοι
961 3163 1056 3233 μέντοι

34 3245 101 3299 ἀπὶ
109 3247 169 3298 τοῦ
180 3236 277 3306 νίτρου
287 3240 458 3307 πυπτηράκν
467 3236 630 3308 ἐμβάλλουσι
644 3241 681 3309 τῷ
695 3241 770 3308 ποτῷ
782 3239 792 3306 ΙΙ
807 3241 821 3289 ‘l
833 3235 886 3304 ·ipe
895 3254 922 3289 n·
931 3237 971 3291 aie
983 3238 1054 3291 eod:

32 3313 218 3381 depositorio
235 3307 289 3378 γὰρ
307 3307 482 3380 ὑπάρχοντος
499 3317 548 3363 τοῦ
566 3307 654 3363 τόπου
673 3304 817 3378 ὑπωρέχει
834 3306 866 3360 τὸ
880 3305 1032 3375 καυτήριον
1044 3307 1056 3380 [l

35 3394 51 3440 9
75 3387 146 3456 Vep.
164 3381 290 3448 V27,7;
309 3381 402 3450 Pelup.
421 3384 489 3447 2123
512 3380 547 3433 H
562 3380 695 3447 141,1511
717 3385 750 3432 15
769 3377 863 3432 unius:
882 3395 916 3433 se.
937 3377 1054 3448 denarii,

33 3456 62 3510 i}
80 3454 180 3525 suppl.
194 3451 233 3517 B,
252 3452 389 3574 efitsupro
398 3467 427 3520 p.
438 3453 483 3518 45,
492 3455 528 3505 13
541 3453 550 3520 ll
566 3457 598 3504 16
613 3449 711 3504 caulae
722 3475 755 3494 =
766 3447 874 3504 caulem
887 3451 897 3519 l
911 3455 943 3502 21
959 3451 1055 3521 Pelup.

1 3535 2 3538 ’
36 3533 93 3582 118
118 3532 129 3596 ῃ
156 3529 192 3576 24
211 3522 287 3575 innie
