2474 3910
228 131 508 190 MULOMEDIODJA
527 131 696 188 camonis
716 138 857 188 rar-rsa
980 132 1045 196 243

40 283 74 342 sit
95 281 211 360 grande
237 283 361 342 sublime
392 286 423 342 et
448 286 576 357 rectum,
604 282 641 342 ab
670 285 792 358 aspectu
819 301 935 358 quoque
968 283 1046 361 agile

39 375 121 430 etex
144 372 244 450 longe,
266 375 412 448 quantum
434 372 530 449 figura
552 372 708 447 permittit,
730 371 899 430 rotundum.

96 479 198 519 mores
219 455 223 539 Ι
244 463 344 520 autem
361 461 531 536 laudantur,
550 461 685 536 quisunt
703 480 739 519 ex
756 459 873 536 placido
888 479 955 519 con·
997 461 1167 521 781148'e

38 548 204 609 citatissimi
226 552 257 608 et
280 569 314 608 ex
335 550 483 609 concitato
505 548 664 609 mitissimi.
701 567 770 607 nam
792 549 824 606 hi
848 550 878 606 et
902 547 939 606 ab
964 549 1045 608 obse-

17 639 110 713 cqniis
147 638 337 713 reperiuntur
367 638 482 700 habiles
519 641 549 698 et
586 639 624 697 ad
660 637 823 698 certamina
856 637 1046 713 laboremque

35 727 250 803 promptissimi
267 727 466 786 inveniuntur.
502 727 599 786 bimus
623 745 715 803 equus
738 726 776 784 ad
798 744 884 786 nsum
908 725 1046 785 domesti-

36 835 98 874 cum
126 818 207 876 recte
237 817 387 892 domatur,
417 817 627 876 certaminibus
650 819 750 874 autem
769 816 885 891 expleto
909 814 1047 890 triennio,

36 905 72 964 sic
92 908 205 980 tamen,
224 907 259 962 ut
281 908 349 980 post
371 909 511 981 quartum
534 924 644 964 annum
666 904 762 964 labori
785 903 996 962 committatur.

97 994 344 1054 admissariorum
357 1013 467 1072 genera
487 994 648 1070 probanda.
677 993 918 1052 admissariomm
937 1011 1046 1070 genera
1067 994 1121 1050 782

8 1102 108 1157 requae
132 1083 255 1158 probari
279 1082 413 1158 debeant,
437 1083 478 1143 sio
501 1083 599 1142 doceo.
634 1084 862 1143 verumtamen
885 1081 922 1139 ab
946 1100 1046 1157 aspec-

35 1173 95 1228 tum
119 1190 182 1231 non
205 1171 294 1230 aliter
316 1172 437 1247 probari
461 1170 581 1247 debent,
609 1191 699 1247 quarn
721 1173 757 1230 ut
785 1171 846 1230 sint
869 1169 1045 1246 amplissimi

36 1261 179 1336 corporis,
207 1261 318 1320 cervice
341 1261 456 1336 valida,
483 1260 612 1319 robustis
640 1279 674 1319 ac
701 1259 772 1318 latis
796 1259 898 1334 costis,
926 1262 1045 1335 pectore

36 1350 200 1408 musculoso
232 1350 262 1408 ot
290 1353 392 1425 vasto,
421 1349 581 1408 feminibus
608 1348 775 1422 lacertosis,
805 1347 939 1408 cruribus
967 1367 1045 1408 conr-

36 1439 142 1516 pactiS‚
173 1438 270 1497 colore
293 1439 371 1516 nigri
394 1438 442 1498 vel
464 1437 621 1515 magillini.
667 1457 737 1496 nam
759 1437 892 1496 murinus
916 1437 1046 1496 sumsit

10 1525 62 1588 uin
92 1527 179 1585 asino
202 1527 351 1606 vulgariS,
380 1530 451 1586 tunc
482 1527 573 1586 ctiam
601 1545 661 1586 non
691 1526 802 1602 optime
831 1527 985 1600 respondit
1012 1526 1044 1585 in

36 1616 123 1676 mula.
160 1635 215 1674 nec
237 1634 291 1674 nos
313 1616 451 1676 universa
475 1615 673 1691 quadrupedis
701 1615 812 1690 species
840 1615 982 1690 decipiat,
1010 1615 1045 1690 si,

38 1704 154 1778 qualem
174 1704 343 1781 probamus,
365 1705 573 1780 concipiamus.
610 1723 681 1762 nam
702 1703 949 1779 quemadmodum
970 1703 1045 1762 arie-
1066 1705 1120 1762 788

36 1795 96 1850 turn
122 1811 199 1869 quae
223 1794 345 1852 suntin
368 1793 479 1871 linguis
502 1794 550 1852 vel
572 1793 683 1869 palatis
705 1793 847 1867 maculae,
870 1792 1044 1868 plerumque

38 1881 65 1938 in
92 1881 254 1941 velleribus
284 1900 428 1960 agnorum
460 1882 730 1958 deprehenduntnr,
767 1883 812 1940 ita
844 1881 869 1940 si
900 1880 1044 1940 bicolores

10 1971 109 2044 upilos
132 1970 235 2029 asinus
256 1971 289 2030 in
311 1971 461 2047 palpebris
479 1974 533 2030 aut
555 1971 675 2029 auribus
698 1971 788 2048 gerit,
816 1969 947 2030 sobolem
973 1989 1044 2045 quo-

38 2078 88 2133 que
112 2059 284 2135 frequenter
306 2060 397 2119 faciet
419 2060 528 2120 diversi
538 2059 661 2128 ,coloris
699 2059 750 2135 qui
770 2059 889 2135 etipse,
909 2059 999 2118 etiam
1017 2061 1044 2118 si

37 2147 259 2226 diligentissime
286 2149 318 2206 in
345 2148 519 2210 admissario
550 2148 719 2224 exploratus
744 2151 802 2222 est,
832 2167 920 2223 saepe
942 2151 1044 2207 tamon

38 2236 144 2295 domini
178 2255 259 2312 spem
289 2237 407 2313 decipit.
453 2257 522 2296 narn
551 2237 700 2296 interdum
731 2237 821 2296 etiarn
852 2237 927 2297 citra
957 2256 1041 2312 prae-

37 2324 112 2385 dicta
135 2326 223 2402 signa
250 2326 407 2386 dissimiles
434 2329 481 2386 sui
507 2326 602 2384 mulas
630 2325 754 2403 fingunt.
801 2327 880 2402 qnod
910 2327 1042 2384 accidere

8 2431 91 2474 anon
104 2415 195 2473 aliter
211 2433 280 2474 reor
294 2409 382 2494 [um]‚
401 2434 491 2491 qnam
505 2416 540 2473 ut
553 2415 650 2473 coitus
669 2415 750 2474 color
763 2415 922 2491 primordis
932 2414 1041 2473 semine

37 2502 141 2562 mixtus
164 2503 306 2562 reddatur
328 2503 493 2580 nepotibus.
537 2504 632 2582 igitur
655 2504 773 2579 qualem
801 2503 942 2579 descripsi
966 2502 1040 2561 asel·
1061 2501 1118 2558 784

37 2589 106 2668 lum,
134 2611 203 2652 cum
230 2595 275 2651 est
302 2593 489 2670 progenitus,
518 2595 635 2668 oportet
662 2593 752 2650 matri
781 2592 883 2650 statim
906 2591 1041 2650 subtrahi

38 2682 65 2738 et
84 2681 237 2758 ignoranti
261 2701 354 2757 equae
377 2681 480 2740 subici.
517 2700 552 2740 ea
575 2681 685 2756 optime
708 2681 740 2739 in
763 2680 892 2739 tenebris
915 2680 1040 2739 fallitur.

39 2786 101 2826 nam
125 2789 193 2829 cum
216 2768 338 2830 obscuro
362 2771 427 2829 loco
446 2772 536 2844 partu
555 2771 617 2829 eius
636 2772 735 2829 amoto
753 2769 923 2846 praedictus
941 2768 1041 2844 pullus

103 2998 117 3045 1
137 2995 260 3048 ereetum
280 2992 517 3074 Ool.]aspectu1n
539 3008 649 3061 quoque
673 2989 778 3073 agilem
790 2990 800 3062 Η
819 2997 834 3043 2
853 2991 954 3072 longae
981 2994 985 3060 Ι
1009 2990 1041 3042 iu

39 3063 731 3203 727·112871222221712722277
745 3060 1040 3202 attitulati:

40 3201 97 3257 simi
115 3205 178 3276 coc,
196 3207 243 3261 sed
261 3207 295 3273 cf.
316 3207 441 3286 Pelop3
463 3207 473 3276 ss
496 3204 587 3260 9001.
612 3204 657 3258 VI
667 3207 740 3270 37,6
762 3205 772 3273 ll
799 3209 832 3257 10
860 3201 900 3256 sic
919 3202 1041 3284 debeant

40 3272 118 3329 doceo
130 3279 140 3347 ΙΙ
154 3283 188 3331 14
207 3275 307 3332 coloris
321 3276 396 3346 nigri
415 3275 458 3330 vel
472 3275 609 3330 maculosi
627 3273 750 3346 (magilis
769 3275 825 3328 cod.
841 3273 1038 3344 Sanpauecscs)

41 3343 91 3399 coc.
116 3349 125 3417 ΙΙ
152 3354 184 3402 15
203 3347 355 3417 respondet
374 3346 428 3402 coc.
456 3349 465 3418 Η
494 3353 525 3400 17
545 3345 731 3416 conspicimus
753 3344 808 3399 coc.
837 3346 846 3414 ΙΙ
875 3343 1012 3414 181iguis

41 3420 71 3468 19
89 3417 139 3472 sibi
156 3418 275 3474 colores:
304 3417 454 3472 discolores
474 3417 528 3473 soc.
548 3420 557 3488 ΙΙ
580 3423 613 3471 20
633 3415 727 3470 aribus
746 3419 808 3486 {pal
829 3416 853 3469 si
872 3416 935 3470 cdd.
956 3415 1011 3469 Ool.

40 3489 301 3546 renascamur
327 3490 336 3559 ΙΙ
364 3494 397 3543 25
416 3505 511 3544 eorum
539 3492 544 3559 Ι
572 3487 687 3542 habitus
717 3489 721 3560 Ι
750 3487 840 3559 primo
859 3486 1003 3541 dissimine

828 3576 879 3630 16*
