2470 3902
176 105 239 169 108
363 103 646 160 MULOMamclNA
665 102 835 160 clamosus
854 109 994 158 ese-ass

174 275 261 315 nares
283 256 423 332 proicite,
447 259 482 314 ut
503 255 603 314 bibere
626 255 677 315 des
700 275 754 330 per
776 255 889 329 triduo,
912 257 966 312 ant
987 274 1041 330 per
1063 256 1169 313 alternis

174 344 277 404 diebus
306 348 365 404 stet
391 345 526 421 pluribus
553 344 665 403 diebus.
711 363 794 419 cura,
820 348 855 402 ut
881 340 931 419 [si]
962 345 1003 402 sit
1031 345 1170 420 origanum
1215 371 1217 406 j

175 434 297 493 astaale.
343 453 410 492 cum
432 434 529 492 factus
553 435 598 492 est
620 433 732 492 maleos
761 433 857 491 adhuc
884 435 986 491 tenero
1009 433 1104 508 pullo,
1129 433 1169 508 qui
1216 490 1217 495 ,

175 542 241 581 cum
270 523 398 581 maxime
431 519 521 598 [aut]
553 522 688 580 mamilla
717 522 850 580 matricis
880 539 950 580 suae
981 523 1075 599 sugit,
1107 521 1169 579 nihil

174 613 257 686 prius
285 610 372 670 debet
400 630 490 686 quam
517 612 627 669 matrix
654 611 760 670 curari.
806 609 893 668 debet
915 611 1017 668 autem
1040 611 1111 669 cibis
1130 611 1170 683 sic,
1188 627 1212 668 ε

176 701 423 776 quemadmodum
446 719 468 759 s.
492 719 514 759 ε.
538 702 590 759 est.
636 703 667 758 et
689 700 803 758 radices
831 700 859 756 ei
886 699 964 758 dato.
1004 699 1078 757 haec
1106 700 1170 756 enim
1210 741 1212 774 5

175 790 342 848 curationes
360 792 487 865 prosunt
505 791 535 846 et
556 792 590 847 ι’νι
607 789 689 848 sitim
712 789 877 846 iumentum
899 787 1058 846 adducunt.
1095 788 1170 863 quod·
1210 829 1217 853 „

175 878 255 954 quod
282 881 382 937 autem
411 879 444 936 in
470 897 592 955 gregem
623 878 774 952 incidunt,
808 895 858 936 eos
890 877 994 935 statim
1021 875 1134 936 debebis
1157 894 1171 932 a

174 968 297 1043 reliquis
316 986 475 1026 secernere.
511 966 559 1025 hic
576 967 655 1024 enim
678 964 798 1025 morbus
819 966 960 1024 facillime
983 965 1084 1041 plnres
1107 966 1170 1024 coin·

175 1057 289 1132 quinat.
1179 1071 1217 1122 1⁸3

99 1143 156 1200 354
266 1144 317 1202 sed
335 1163 402 1202 cum
421 1146 451 1202 et
468 1147 599 1202 tumores
623 1144 701 1204 circa
720 1145 863 1203 cervicem
881 1144 1029 1202 creverint
1047 1147 1076 1202 et
1094 1161 1170 1203 venae
1207 1135 1217 1213 i

176 1236 278 1315 tensae
312 1233 424 1290 fuerint
458 1233 535 1292 circa
570 1233 692 1308 collum,
724 1251 774 1292 eas
808 1251 898 1291 venas
927 1251 1031 1291 omres
1065 1231 1171 1290 habebit
1216 1245 1217 1300 j

54 1323 156 1381 125110
176 1325 207 1380 et
228 1323 376 1381 tumentes
399 1322 431 1379 in
452 1317 455 1400 1
475 1322 596 1380 modum
620 1321 849 1396 draconetionis,
872 1321 1009 1380 similiter
1032 1324 1063 1379 et
1084 1322 1115 1379 in
1135 1338 1171 1378 ca·
1209 1327 1217 1402 j:

175 1411 236 1485 pite
261 1413 292 1468 ct
313 1411 345 1468 in
368 1411 444 1470 facie
466 1413 624 1485 tumentes,
647 1412 678 1468 et
700 1429 786 1470 nares
805 1411 949 1470 distentas
967 1409 1097 1468 habebit.
1131 1409 1171 1484 qui
1209 1473 1217 1484 .

175 1499 289 1557 adferet
312 1518 432 1575 spumas
455 1499 659 1577 sanguilentas
683 1519 737 1575 per
760 1517 817 1558 ore.
859 1499 962 1558 statim
985 1499 1131 1558 anhelitus
1150 1489 1211 1573 etot

175 1589 303 1664 suspiria
326 1587 363 1646 ab
387 1588 574 1648 interioribus
596 1588 733 1664 partibus
756 1587 867 1663 reddit,
898 1592 1041 1664 tanquam
1072 1589 1098 1646 si
1127 1605 1170 1662 per
1205 1614 1211 1659 l

174 1677 295 1736 naribus
318 1677 425 1737 sufflet.
472 1678 608 1752 quotiens
632 1695 730 1737 escam
758 1680 788 1735 et
809 1680 914 1752 potum
940 1676 1072 1752 accipere
1094 1675 1171 1747 volet,
1206 1659 1211 1742 1

97 1767 154 1822 att
173 1785 233 1825 non
255 1769 367 1842 potest3
391 1766 523 1824 dolorem
546 1766 624 1824 enim
647 1767 829 1825 contrarium
852 1766 951 1824 sensit.
989 1765 1040 1824 sed
1059 1768 1088 1823 et
1107 1761 1171 1840 qnod
1210 1775 1217 1808 ἐἸ

174 1856 278 1930 sumit,
305 1856 444 1932 exiguum
467 1856 588 1930 accipit3
616 1855 765 1914 vulsiones
794 1873 910 1929 quoque
938 1855 1031 1912 totius
1055 1853 1170 1930 corporis
1207 1857 1217 1927 1

174 1944 303 2002 sentiens
317 1963 410 2019 usque
425 1962 468 2020 eo,
482 1947 517 2002 ut
535 1944 738 2002 exulcerentur
756 1947 895 2018 extrema,
914 1943 1014 2000 omnia
1029 1942 1169 2001 cacumine
1179 1955 1197 1995 ει
1207 1959 1217 2023 1,

173 2050 279 2089 narum
304 2033 434 2107 itemque
461 2034 491 2090 et
515 2032 604 2090 labia.
649 2035 679 2090 et
704 2033 807 2092 statim
824 2033 961 2091 humores
981 2033 1044 2091 eius
1069 2048 1170 2105 semper
1207 2036 1217 2120 3

175 2141 209 2178 ex
232 2139 281 2178 ore
305 2122 459 2195 emittunt,
481 2121 558 2179 unde
582 2124 613 2179 et
634 2121 738 2198 lingua
762 2120 925 2198 obligatum
957 2120 1068 2180 salivas
1091 2121 1169 2178 eicere
1209 2122 1217 2204 1

245 2330 260 2377 2
281 2326 348 2380 stet:
368 2324 392 2378 si
411 2327 440 2379 et
458 2326 486 2379 B
500 2328 509 2393 11
527 2332 542 2378 3
563 2325 682 2379 asmale:
710 2323 827 2394 μάλιστα
851 2323 882 2380 δὲ
908 2325 973 2379 ἔστω
998 2325 1097 2394 ὀρεῑτις
1117 2323 1170 2392 (lece

175 2395 270 2465 ὀνῑτις)
284 2392 415 2466 ὀρίγανος
428 2398 437 2466 11
451 2402 468 2448 4
483 2398 533 2449 aut
551 2421 561 2460 ρ
583 2395 649 2462 bille
663 2397 710 2462 stc,
724 2395 849 2450 mamille
868 2398 899 2450 ιιι
915 2413 1016 2467 mesre:
1034 2393 1133 2464 μάλεος
1145 2387 1169 2444 δὲ
1216 2445 1217 2449 ,

173 2464 325 2537 γενομένης
343 2466 374 2521 ἐν
391 2472 429 2538 τῷ
447 2468 528 2539 πώλῳ
547 2467 586 2522 ἔτι
605 2471 711 2538 νεογνῷ
734 2467 795 2522 ὄντι
818 2469 866 2522 καί
884 2465 1073 2540 τιτθευομένῳ
1092 2465 1170 2532 ἐπιμε-

174 2542 285 2593 λεῑσδαι
309 2540 355 2592 δεῖ
375 2547 424 2607 τῆς
442 2539 625 2607 τιτθενοίσης
638 2540 676 2608 117
696 2537 726 2591 in
744 2539 852 2606 addidi,
871 2557 909 2593 αντ
928 2535 1168 2592 iumentum--iu-
1216 2595 1217 2602 1

172 2613 285 2664 mento?
301 2611 305 2679 1
321 2627 359 2678 sq.
380 2607 439 2664 ὅσοι
463 2606 494 2662 δὲ
516 2608 546 2664 ἐν
567 2618 628 2671 ταῖς
648 2607 761 2678 ἀγέλαις
785 2612 901 2678 μαλιῶσι
926 2613 935 2680 11
959 2616 990 2663 11
1017 2609 1053 2663 Η
1073 2613 1122 2674 21,·
1142 2604 1169 2670 os.
1216 2623 1217 2628 ’

173 2697 258 2750 sopra
277 2684 331 2735 195
349 2697 386 2749 sq.
406 2683 415 2749 11
438 2685 470 2733 13
493 2680 706 2749 tragonationes
730 2685 890 2748 supra183
910 2683 919 2750 11
947 2687 979 2734 15
1002 2697 1057 2750 sqq.
1077 2677 1169 2734 ἕλκεται
1216 2653 1217 2704 ί

174 2748 205 2806 δὲ
229 2751 278 2806 καί
302 2751 332 2805 ἐκ
352 2760 408 2806 τῶν
432 2750 558 2820 λαγόνων
581 2751 630 2806 καί
652 2751 787 2823 ἀναφυσᾷ
811 2751 861 2806 διὰ
885 2761 941 2806 τῶν
966 2749 1110 2820 μνιιτήραν
1131 2744 1168 2802 καί

173 2823 407 2892 προθυμούμενος
436 2842 452 2875 τ
470 2824 552 2891 ὠγειν
580 2823 612 2877 οὐ
638 2821 758 2876 δύναται
785 2820 851 2876 coos
880 2820 989 2890 πίνειν,
1016 2821 1086 2876 ἀλλὰ
1111 2815 1169 2875 κατὰ

173 2893 273 2962 μικρὸν
296 2891 432 2965 λαμβάνει
450 2843 530 2964 dilgia
548 2911 578 2947 τε
596 2901 645 2947 τοῦ
667 2893 791 2962 σώματος
808 2902 954 2964 πανταχοῦ
968 2902 1097 2961 ποιεῖται,
1114 2889 1168 2944 ὥστε

173 2963 325 3019 ἑλκοῦσθαι
346 2963 462 3032 μάλιστα
487 2963 522 3018 τὰ
548 2962 620 3032 άιιρα
646 2961 727 3034 ῥῖνας
753 2961 829 3035 χείλη
855 2960 925 3033 ὦτα,
947 2965 996 3019 καί
1015 2961 1167 3019 ἀποπίπτειν

172 3033 247 3089 κάτα
263 3034 429 3104 αὐτόματον,
449 3034 467 3106 ἥ
481 3055 510 3090 τε
524 3039 632 3105 γλῶσσα
646 3035 796 3103 συνδεῖται,
815 3033 851 3105 ἣν
865 3036 913 3090 καί
928 3033 1079 3107 προβάλλει
1092 3033 1167 3088 ἔκλιν-

172 3126 224 3160 αον
242 3107 291 3160 καί
309 3105 387 3174 παρὰ
410 3106 495 3175 φύσιν
514 3107 653 3176 ίίμορφον.Δ
682 3106 730 3161 καὶ
754 3105 920 3176 χρεμετίζειν
948 3105 1093 3168 ἀδυνάτως
1118 3102 1167 3171 ἔχει.

174 3177 188 3230 ὁ
211 3186 337 3239 τοιοῦτος
361 3175 511 3243 ἐλεφαντιᾶ
538 3178 587 3232 ναὶ
615 3173 700 3232 οὐδὲν
723 3177 762 3239 είς
787 3178 874 3232 αὐτὸν
899 3176 1018 3248 ὑπάρχει
1044 3177 1166 3250 βοήθημα.

174 3247 207 3299 οὐ
226 3248 271 3300 δεῖ
292 3245 323 3301 δὲ
346 3256 446 3302 τοῦτον
469 3233 537 3317 μδτδι
566 3246 659 3317 ἑτέρον
683 3246 812 3315 ἱστάναιγ
836 3247 905 3302 ἀλλὰ
928 3247 1109 3319 ἐκβάλλεσθαι
1127 3262 1167 3312 μα·

174 3315 254 3381 κράν.
277 3319 287 3385 11
311 3323 343 3370 16
371 3317 563 3374 inferioribus:
591 3335 659 3373 corr.
686 3319 714 3372 B
739 3327 743 3386 1
767 3319 879 3373 reddita
906 3335 1004 3387 quam:
1033 3337 1098 3374 corr.
1120 3311 1167 3382 311

174 3391 209 3436 20
236 3386 451 3441 exvulnerentur
474 3393 478 3457 1
503 3407 540 3458 sq.
560 3388 781 3443 cacuminarum:
809 3391 898 3458 suppl.
923 3390 951 3443 B
971 3393 980 3460 11
1004 3395 1037 3444 21
1064 3400 1167 3456 semper:

174 3470 290 3523 spumae
309 3457 359 3525 Bu
374 3462 407 3508 22
426 3457 505 3526 ligua
