<?xml version="1.0" encoding="UTF-8"?>
<!DOCTYPE html PUBLIC "-//W3C//DTD XHTML 1.0 Transitional//EN"
    "http://www.w3.org/TR/xhtml1/DTD/xhtml1-transitional.dtd">
<html xmlns="http://www.w3.org/1999/xhtml" xml:lang="en" lang="en">
 <head>
  <title>
</title>
<meta http-equiv="Content-Type" content="text/html;charset=utf-8" />
  <meta name='ocr-system' content='tesseract 3.04.00' />
  <meta name='ocr-capabilities' content='ocr_page ocr_carea ocr_par ocr_line ocrx_word'/>
</head>
<body>
  <div class='ocr_page' id='page_1' title='image "./claudiihermerim03hermgoog_0103.png"; bbox 0 0 2470 3902; ppageno 0'>
   <div class='ocr_carea' id='block_1_1' title="bbox 191 121 1007 186">
    <p class='ocr_par' dir='ltr' id='par_1_1' title="bbox 191 121 1007 186">
     <span class='ocr_line' id='line_1_1' title="bbox 191 121 1007 186; baseline -0.004 -9"><span class='ocrx_word' id='word_1_1' title='bbox 191 123 234 186; x_wconf 84' lang='lat'>60</span> <span class='ocrx_word' id='word_1_2' title='bbox 379 121 662 179; x_wconf 85' lang='lat' dir='ltr'>MULOMEDICINA</span> <span class='ocrx_word' id='word_1_3' title='bbox 680 121 849 178; x_wconf 81' lang='lat' dir='ltr'>GHIRONIS</span> <span class='ocrx_word' id='word_1_4' title='bbox 869 127 1007 176; x_wconf 84' lang='grc'>196-199</span> 
     </span>
    </p>
   </div>
   <div class='ocr_carea' id='block_1_2' title="bbox 115 271 1229 2923">
    <p class='ocr_par' dir='ltr' id='par_1_2' title="bbox 191 271 1193 348">
     <span class='ocr_line' id='line_1_2' title="bbox 191 271 1193 348; baseline -0.003 -17"><span class='ocrx_word' id='word_1_5' title='bbox 191 275 289 332; x_wconf 87' lang='lat' dir='ltr'>totum</span> <span class='ocrx_word' id='word_1_6' title='bbox 313 292 450 348; x_wconf 85' lang='lat' dir='ltr'>asperum</span> <span class='ocrx_word' id='word_1_7' title='bbox 472 274 521 333; x_wconf 87' lang='lat' dir='ltr'>vel</span> <span class='ocrx_word' id='word_1_8' title='bbox 549 277 664 334; x_wconf 83' lang='lat' dir='ltr'>coctum</span> <span class='ocrx_word' id='word_1_9' title='bbox 688 275 753 332; x_wconf 84' lang='lat' dir='ltr'>erit.</span> <span class='ocrx_word' id='word_1_10' title='bbox 799 273 851 348; x_wconf 88' lang='lat' dir='ltr'>qui</span> <span class='ocrx_word' id='word_1_11' title='bbox 879 273 1054 348; x_wconf 88' lang='lat' dir='ltr'>plerumque</span> <span class='ocrx_word' id='word_1_12' title='bbox 1082 271 1193 330; x_wconf 81' lang='lat' dir='ltr'>morbus</span> 
     </span>
    </p>

    <p class='ocr_par' dir='ltr' id='par_1_3' title="bbox 117 361 1229 970">
     <span class='ocr_line' id='line_1_3' title="bbox 117 361 1229 438; baseline -0.005 -16"><span class='ocrx_word' id='word_1_13' title='bbox 117 368 174 422; x_wconf 80' lang='grc'>186</span> <span class='ocrx_word' id='word_1_14' title='bbox 193 362 326 420; x_wconf 85' lang='lat' dir='ltr'>nascitur</span> <span class='ocrx_word' id='word_1_15' title='bbox 348 364 380 420; x_wconf 90' lang='lat' dir='ltr'>in</span> <span class='ocrx_word' id='word_1_16' title='bbox 403 363 625 438; x_wconf 86' lang='lat' dir='ltr'>pullaminibus.</span> <span class='ocrx_word' id='word_1_17' title='bbox 671 364 697 421; x_wconf 90' lang='lat' dir='ltr'>si</span> <span class='ocrx_word' id='word_1_18' title='bbox 720 363 786 438; x_wconf 90' lang='lat' dir='ltr'>quis</span> <span class='ocrx_word' id='word_1_19' title='bbox 815 362 885 420; x_wconf 86' lang='lat' dir='ltr'>huic</span> <span class='ocrx_word' id='word_1_20' title='bbox 914 361 1017 421; x_wconf 89' lang='lat' dir='ltr'>morbo</span> <span class='ocrx_word' id='word_1_21' title='bbox 1045 361 1194 420; x_wconf 84' lang='lat' dir='ltr'>subvenire</span> <span class='ocrx_word' id='word_1_22' title='bbox 1228 377 1229 380; x_wconf 45' lang='lat'>¹</span> 
     </span>
     <span class='ocr_line' id='line_1_4' title="bbox 191 450 1229 526; baseline -0.005 -17"><span class='ocrx_word' id='word_1_23' title='bbox 191 451 282 525; x_wconf 86' lang='lat' dir='ltr'>volet,</span> <span class='ocrx_word' id='word_1_24' title='bbox 302 471 362 511; x_wconf 87' lang='lat' dir='ltr'>non</span> <span class='ocrx_word' id='word_1_25' title='bbox 379 451 462 526; x_wconf 89' lang='lat' dir='ltr'>prius</span> <span class='ocrx_word' id='word_1_26' title='bbox 481 453 598 511; x_wconf 84' lang='lat' dir='ltr'>deferas</span> <span class='ocrx_word' id='word_1_27' title='bbox 617 471 737 510; x_wconf 89' lang='lat' dir='ltr'>causam</span> <span class='ocrx_word' id='word_1_28' title='bbox 755 453 838 510; x_wconf 90' lang='lat' dir='ltr'>curet</span> <span class='ocrx_word' id='word_1_29' title='bbox 856 451 957 526; x_wconf 84' lang='lat' dir='ltr'>aliquo</span> <span class='ocrx_word' id='word_1_30' title='bbox 975 450 1194 522; x_wconf 80' lang='lat' dir='ltr'>medicamento,</span> <span class='ocrx_word' id='word_1_31' title='bbox 1228 467 1229 502; x_wconf 70' lang='lat'>1</span> 
     </span>
     <span class='ocr_line' id='line_1_5' title="bbox 191 531 1193 616; baseline -0.003 -19"><span class='ocrx_word' id='word_1_32' title='bbox 191 557 245 598; x_wconf 88' lang='lat' dir='ltr'>nec</span> <span class='ocrx_word' id='word_1_33' title='bbox 266 540 344 598; x_wconf 89' lang='lat' dir='ltr'>hanc</span> <span class='ocrx_word' id='word_1_34' title='bbox 366 541 519 615; x_wconf 90' lang='lat' dir='ltr'>potionem</span> <span class='ocrx_word' id='word_1_35' title='bbox 542 541 644 600; x_wconf 88' lang='lat' dir='ltr'>diebus</span> <span class='ocrx_word' id='word_1_36' title='bbox 667 531 803 616; x_wconf 79' lang='lat' dir='ltr'>pluribiis</span> <span class='ocrx_word' id='word_1_37' title='bbox 826 539 1035 615; x_wconf 85' lang='lat' dir='ltr'>potionaverit.</span> <span class='ocrx_word' id='word_1_38' title='bbox 1079 537 1193 614; x_wconf 87' lang='lat' dir='ltr'>quodsi</span> 
     </span>
     <span class='ocr_line' id='line_1_6' title="bbox 191 627 1220 705; baseline 0 -19"><span class='ocrx_word' id='word_1_39' title='bbox 191 628 273 703; x_wconf 89' lang='lat' dir='ltr'>prius</span> <span class='ocrx_word' id='word_1_40' title='bbox 303 629 412 688; x_wconf 87' lang='lat' dir='ltr'>deforis</span> <span class='ocrx_word' id='word_1_41' title='bbox 442 629 556 704; x_wconf 89' lang='lat' dir='ltr'>aliquid</span> <span class='ocrx_word' id='word_1_42' title='bbox 585 630 766 705; x_wconf 85' lang='lat' dir='ltr'>inposuerit,</span> <span class='ocrx_word' id='word_1_43' title='bbox 804 629 923 688; x_wconf 84' lang='lat' dir='ltr'><strong>morbus</strong></span> <span class='ocrx_word' id='word_1_44' title='bbox 952 627 1077 686; x_wconf 91' lang='lat' dir='ltr'>interius</span> <span class='ocrx_word' id='word_1_45' title='bbox 1105 627 1220 704; x_wconf 80' lang='lat' dir='ltr'>magiss</span> 
     </span>
     <span class='ocr_line' id='line_1_7' title="bbox 191 716 1193 794; baseline -0.001 -19"><span class='ocrx_word' id='word_1_46' title='bbox 191 717 270 794; x_wconf 79' lang='lat' dir='ltr'>fugit</span> <span class='ocrx_word' id='word_1_47' title='bbox 293 720 324 775; x_wconf 88' lang='lat' dir='ltr'>et</span> <span class='ocrx_word' id='word_1_48' title='bbox 346 719 405 776; x_wconf 91' lang='lat' dir='ltr'>cito</span> <span class='ocrx_word' id='word_1_49' title='bbox 429 719 470 776; x_wconf 90' lang='lat' dir='ltr'>eis</span> <span class='ocrx_word' id='word_1_50' title='bbox 498 737 599 776; x_wconf 82' lang='lat' dir='ltr'>necem</span> <span class='ocrx_word' id='word_1_51' title='bbox 625 719 743 776; x_wconf 85' lang='lat' dir='ltr'>inferat.</span> <span class='ocrx_word' id='word_1_52' title='bbox 790 717 925 793; x_wconf 80' lang='lat' dir='ltr'>quamuis</span> <span class='ocrx_word' id='word_1_53' title='bbox 952 716 1115 774; x_wconf 89' lang='lat' dir='ltr'>difficiliter</span> <span class='ocrx_word' id='word_1_54' title='bbox 1136 716 1193 791; x_wconf 91' lang='lat' dir='ltr'>pul-</span> 
     </span>
     <span class='ocr_line' id='line_1_8' title="bbox 191 805 1193 882; baseline -0.003 -18"><span class='ocrx_word' id='word_1_55' title='bbox 191 807 304 864; x_wconf 83' lang='lat' dir='ltr'>lamina</span> <span class='ocrx_word' id='word_1_56' title='bbox 327 827 363 864; x_wconf 82' lang='lat' dir='ltr'>ex</span> <span class='ocrx_word' id='word_1_57' title='bbox 390 825 425 864; x_wconf 90' lang='lat' dir='ltr'>ea</span> <span class='ocrx_word' id='word_1_58' title='bbox 452 825 542 866; x_wconf 87' lang='lat' dir='ltr'>causa</span> <span class='ocrx_word' id='word_1_59' title='bbox 569 807 745 882; x_wconf 70' lang='lat' dir='ltr'><strong>liberentur,</strong></span> <span class='ocrx_word' id='word_1_60' title='bbox 773 807 820 864; x_wconf 91' lang='lat' dir='ltr'>his</span> <span class='ocrx_word' id='word_1_61' title='bbox 852 805 986 865; x_wconf 89' lang='lat' dir='ltr'>omnibus</span> <span class='ocrx_word' id='word_1_62' title='bbox 1014 805 1193 880; x_wconf 78' lang='lat' dir='ltr'>passionibus</span> 
     </span>
     <span class='ocr_line' id='line_1_9' title="bbox 192 893 1229 970; baseline -0.004 -18"><span class='ocrx_word' id='word_1_63' title='bbox 192 915 227 952; x_wconf 85' lang='lat' dir='ltr'>ex</span> <span class='ocrx_word' id='word_1_64' title='bbox 250 895 352 954; x_wconf 89' lang='lat' dir='ltr'>morbo</span> <span class='ocrx_word' id='word_1_65' title='bbox 376 914 398 953; x_wconf 91' lang='lat' dir='ltr'>s.</span> <span class='ocrx_word' id='word_1_66' title='bbox 418 914 439 954; x_wconf 91' lang='lat' dir='ltr'>s.</span> <span class='ocrx_word' id='word_1_67' title='bbox 464 895 664 954; x_wconf 89' lang='lat' dir='ltr'>accidentibus</span> <span class='ocrx_word' id='word_1_68' title='bbox 691 896 764 954; x_wconf 90' lang='lat' dir='ltr'>haec</span> <span class='ocrx_word' id='word_1_69' title='bbox 791 895 875 970; x_wconf 85' lang='lat' dir='ltr'>potio</span> <span class='ocrx_word' id='word_1_70' title='bbox 903 895 1110 969; x_wconf 84' lang='lat' dir='ltr'>praeparanda</span> <span class='ocrx_word' id='word_1_71' title='bbox 1137 893 1193 951; x_wconf 87' lang='lat' dir='ltr'>erit.</span> <span class='ocrx_word' id='word_1_72' title='bbox 1228 945 1229 948; x_wconf 74' lang='grc'>,</span> 
     </span>
    </p>

    <p class='ocr_par' dir='ltr' id='par_1_4' title="bbox 116 981 1229 1680">
     <span class='ocr_line' id='line_1_10' title="bbox 116 981 1193 1062; baseline -0.002 -21"><span class='ocrx_word' id='word_1_73' title='bbox 116 987 171 1043; x_wconf 81' lang='grc'>197</span> <span class='ocrx_word' id='word_1_74' title='bbox 192 1003 293 1042; x_wconf 84' lang='lat' dir='ltr'>murra</span> <span class='ocrx_word' id='word_1_75' title='bbox 315 983 466 1060; x_wconf 82' lang='lat' dir='ltr'>tragonite</span> <span class='ocrx_word' id='word_1_76' title='bbox 489 1002 511 1062; x_wconf 89' lang='lat' dir='ltr'>p</span> <span class='ocrx_word' id='word_1_77' title='bbox 535 984 655 1059; x_wconf 89' lang='lat' dir='ltr'>libram,</span> <span class='ocrx_word' id='word_1_78' title='bbox 685 984 760 1042; x_wconf 90' lang='lat' dir='ltr'>turis</span> <span class='ocrx_word' id='word_1_79' title='bbox 788 984 913 1042; x_wconf 92' lang='lat' dir='ltr'>masculi</span> <span class='ocrx_word' id='word_1_80' title='bbox 935 1001 956 1062; x_wconf 82' lang='lat' dir='ltr'>p</span> <span class='ocrx_word' id='word_1_81' title='bbox 979 983 1102 1057; x_wconf 88' lang='lat' dir='ltr'>libram,</span> <span class='ocrx_word' id='word_1_82' title='bbox 1130 981 1193 1040; x_wconf 80' lang='lat' dir='ltr'>mali</span> 
     </span>
     <span class='ocr_line' id='line_1_11' title="bbox 190 1071 1220 1152; baseline 0 -22"><span class='ocrx_word' id='word_1_83' title='bbox 190 1073 296 1130; x_wconf 90' lang='lat' dir='ltr'>Punici</span> <span class='ocrx_word' id='word_1_84' title='bbox 319 1072 432 1130; x_wconf 88' lang='lat' dir='ltr'>corium</span> <span class='ocrx_word' id='word_1_85' title='bbox 453 1091 475 1151; x_wconf 84' lang='lat' dir='ltr'>p</span> <span class='ocrx_word' id='word_1_86' title='bbox 499 1073 617 1147; x_wconf 78' lang='lat' dir='ltr'>selibra,</span> <span class='ocrx_word' id='word_1_87' title='bbox 639 1073 725 1148; x_wconf 84' lang='lat' dir='ltr'>piper</span> <span class='ocrx_word' id='word_1_88' title='bbox 742 1091 764 1152; x_wconf 89' lang='lat' dir='ltr'>p</span> <span class='ocrx_word' id='word_1_89' title='bbox 784 1073 814 1146; x_wconf 79' lang='lat'>3,</span> <span class='ocrx_word' id='word_1_90' title='bbox 832 1073 909 1132; x_wconf 88' lang='lat' dir='ltr'>croci</span> <span class='ocrx_word' id='word_1_91' title='bbox 927 1090 949 1151; x_wconf 83' lang='lat' dir='ltr'>p</span> <span class='ocrx_word' id='word_1_92' title='bbox 968 1073 998 1147; x_wconf 80' lang='grc'>5,</span> <span class='ocrx_word' id='word_1_93' title='bbox 1017 1072 1118 1130; x_wconf 82' lang='lat' dir='ltr'>acacia</span> <span class='ocrx_word' id='word_1_94' title='bbox 1135 1071 1220 1130; x_wconf 78' lang='lat' dir='ltr'>rufae</span> 
     </span>
     <span class='ocr_line' id='line_1_12' title="bbox 191 1159 1194 1240; baseline -0.001 -22"><span class='ocrx_word' id='word_1_95' title='bbox 191 1179 213 1240; x_wconf 82' lang='lat' dir='ltr'>p</span> <span class='ocrx_word' id='word_1_96' title='bbox 232 1162 266 1234; x_wconf 80' lang='lat'>3,</span> <span class='ocrx_word' id='word_1_97' title='bbox 289 1160 416 1218; x_wconf 76' lang='lat' dir='ltr'>cedimis</span> <span class='ocrx_word' id='word_1_98' title='bbox 435 1161 547 1221; x_wconf 73' lang='lat' dir='ltr'>nomes</span> <span class='ocrx_word' id='word_1_99' title='bbox 569 1181 590 1240; x_wconf 83' lang='lat' dir='ltr'>p</span> <span class='ocrx_word' id='word_1_100' title='bbox 610 1163 643 1238; x_wconf 79' lang='lat'>3,</span> <span class='ocrx_word' id='word_1_101' title='bbox 662 1181 714 1222; x_wconf 85' lang='lat' dir='ltr'>aes</span> <span class='ocrx_word' id='word_1_102' title='bbox 735 1163 836 1220; x_wconf 82' lang='lat' dir='ltr'>ustum</span> <span class='ocrx_word' id='word_1_103' title='bbox 858 1180 879 1239; x_wconf 82' lang='lat' dir='ltr'>p</span> <span class='ocrx_word' id='word_1_104' title='bbox 898 1161 923 1235; x_wconf 91' lang='lat' dir='ltr'>I,</span> <span class='ocrx_word' id='word_1_105' title='bbox 946 1160 1068 1219; x_wconf 85' lang='lat' dir='ltr'>absintii</span> <span class='ocrx_word' id='word_1_106' title='bbox 1085 1159 1194 1219; x_wconf 88' lang='lat' dir='ltr'>Pontici</span> 
     </span>
     <span class='ocr_line' id='line_1_13' title="bbox 192 1247 1194 1328; baseline -0.008 -15"><span class='ocrx_word' id='word_1_107' title='bbox 192 1268 213 1328; x_wconf 79' lang='lat' dir='ltr'>p</span> <span class='ocrx_word' id='word_1_108' title='bbox 233 1247 262 1324; x_wconf 82' lang='grc'>5,</span> <span class='ocrx_word' id='word_1_109' title='bbox 281 1249 395 1324; x_wconf 84' lang='lat' dir='ltr'>serpilli</span> <span class='ocrx_word' id='word_1_110' title='bbox 413 1268 434 1328; x_wconf 87' lang='lat' dir='ltr'>p</span> <span class='ocrx_word' id='word_1_111' title='bbox 454 1263 498 1325; x_wconf 52' lang='grc' dir='ltr'>«ἰν,</span> <span class='ocrx_word' id='word_1_112' title='bbox 515 1250 652 1310; x_wconf 85' lang='lat' dir='ltr'>vetonica</span> <span class='ocrx_word' id='word_1_113' title='bbox 676 1269 696 1328; x_wconf 87' lang='lat' dir='ltr'>p</span> <span class='ocrx_word' id='word_1_114' title='bbox 716 1251 740 1324; x_wconf 93' lang='lat' dir='ltr'>I,</span> <span class='ocrx_word' id='word_1_115' title='bbox 763 1250 916 1308; x_wconf 84' lang='lat' dir='ltr'>centauria</span> <span class='ocrx_word' id='word_1_116' title='bbox 938 1268 960 1328; x_wconf 89' lang='lat' dir='ltr'>p</span> <span class='ocrx_word' id='word_1_117' title='bbox 980 1264 1023 1324; x_wconf 60' lang='lat'>022,</span> <span class='ocrx_word' id='word_1_118' title='bbox 1050 1267 1194 1326; x_wconf 79' lang='lat' dir='ltr'>sagapeno</span> 
     </span>
     <span class='ocr_line' id='line_1_14' title="bbox 192 1337 1229 1418; baseline 0.002 -23"><span class='ocrx_word' id='word_1_119' title='bbox 192 1349 277 1416; x_wconf 73' lang='lat' dir='ltr'>p÷,</span> <span class='ocrx_word' id='word_1_120' title='bbox 300 1337 449 1416; x_wconf 86' lang='lat' dir='ltr'>saxifrega</span> <span class='ocrx_word' id='word_1_121' title='bbox 471 1358 493 1418; x_wconf 83' lang='lat' dir='ltr'>p</span> <span class='ocrx_word' id='word_1_122' title='bbox 513 1353 556 1414; x_wconf 51' lang='grc' dir='ltr'>ὴ,</span> <span class='ocrx_word' id='word_1_123' title='bbox 579 1340 751 1414; x_wconf 85' lang='lat' dir='ltr'>peucedanu</span> <span class='ocrx_word' id='word_1_124' title='bbox 773 1357 794 1418; x_wconf 84' lang='lat' dir='ltr'>p</span> <span class='ocrx_word' id='word_1_125' title='bbox 813 1353 849 1399; x_wconf 86' lang='lat'>÷</span> <span class='ocrx_word' id='word_1_126' title='bbox 873 1385 879 1396; x_wconf 94' lang='lat'><em>.</em></span> <span class='ocrx_word' id='word_1_127' title='bbox 916 1340 989 1397; x_wconf 89' lang='lat' dir='ltr'>haec</span> <span class='ocrx_word' id='word_1_128' title='bbox 1012 1337 1112 1398; x_wconf 85' lang='lat' dir='ltr'>omnia</span> <span class='ocrx_word' id='word_1_129' title='bbox 1134 1340 1194 1395; x_wconf 81' lang='lat' dir='ltr'>tusa</span> <span class='ocrx_word' id='word_1_130' title='bbox 1228 1364 1229 1397; x_wconf 72' lang='grc' dir='ltr'><strong>ς</strong></span> 
     </span>
     <span class='ocr_line' id='line_1_15' title="bbox 192 1427 1194 1504; baseline 0.001 -21"><span class='ocrx_word' id='word_1_131' title='bbox 192 1427 267 1484; x_wconf 91' lang='lat' dir='ltr'>bene</span> <span class='ocrx_word' id='word_1_132' title='bbox 282 1429 312 1484; x_wconf 93' lang='lat' dir='ltr'>et</span> <span class='ocrx_word' id='word_1_133' title='bbox 325 1430 407 1486; x_wconf 86' lang='lat' dir='ltr'>creta</span> <span class='ocrx_word' id='word_1_134' title='bbox 426 1448 461 1486; x_wconf 84' lang='lat' dir='ltr'>ex</span> <span class='ocrx_word' id='word_1_135' title='bbox 479 1429 576 1503; x_wconf 87' lang='lat' dir='ltr'>melle,</span> <span class='ocrx_word' id='word_1_136' title='bbox 600 1431 745 1504; x_wconf 84' lang='lat' dir='ltr'>quantum</span> <span class='ocrx_word' id='word_1_137' title='bbox 760 1428 833 1486; x_wconf 86' lang='lat' dir='ltr'>satis</span> <span class='ocrx_word' id='word_1_138' title='bbox 852 1427 1010 1501; x_wconf 85' lang='lat' dir='ltr'>videbitur,</span> <span class='ocrx_word' id='word_1_139' title='bbox 1029 1427 1194 1497; x_wconf 84' lang='lat' dir='ltr'>admixtum,</span> 
     </span>
     <span class='ocr_line' id='line_1_16' title="bbox 192 1515 1229 1592; baseline 0.005 -20"><span class='ocrx_word' id='word_1_140' title='bbox 192 1517 227 1572; x_wconf 86' lang='lat' dir='ltr'>ut</span> <span class='ocrx_word' id='word_1_141' title='bbox 248 1515 360 1574; x_wconf 87' lang='lat' dir='ltr'>habeat</span> <span class='ocrx_word' id='word_1_142' title='bbox 382 1516 421 1574; x_wconf 86' lang='lat' dir='ltr'>ad</span> <span class='ocrx_word' id='word_1_143' title='bbox 442 1518 616 1592; x_wconf 90' lang='lat' dir='ltr'>temperiem</span> <span class='ocrx_word' id='word_1_144' title='bbox 639 1536 736 1591; x_wconf 86' lang='lat' dir='ltr'>suam,</span> <span class='ocrx_word' id='word_1_145' title='bbox 758 1517 867 1575; x_wconf 86' lang='lat' dir='ltr'>habeto</span> <span class='ocrx_word' id='word_1_146' title='bbox 890 1517 1054 1591; x_wconf 91' lang='lat' dir='ltr'>repositum</span> <span class='ocrx_word' id='word_1_147' title='bbox 1075 1516 1108 1574; x_wconf 91' lang='lat' dir='ltr'>in</span> <span class='ocrx_word' id='word_1_148' title='bbox 1130 1533 1193 1574; x_wconf 87' lang='lat' dir='ltr'>vaso</span> <span class='ocrx_word' id='word_1_149' title='bbox 1204 1533 1229 1576; x_wconf 61' lang='lat' dir='ltr'>u,</span> 
     </span>
     <span class='ocr_line' id='line_1_17' title="bbox 192 1603 1193 1680; baseline -0.003 -18"><span class='ocrx_word' id='word_1_150' title='bbox 192 1606 316 1680; x_wconf 84' lang='lat' dir='ltr'>stagneo</span> <span class='ocrx_word' id='word_1_151' title='bbox 340 1605 388 1664; x_wconf 90' lang='lat' dir='ltr'>vel</span> <span class='ocrx_word' id='word_1_152' title='bbox 410 1606 513 1665; x_wconf 84' lang='lat' dir='ltr'>vitreo.</span> <span class='ocrx_word' id='word_1_153' title='bbox 559 1606 615 1666; x_wconf 89' lang='lat' dir='ltr'>hoc</span> <span class='ocrx_word' id='word_1_154' title='bbox 638 1606 716 1663; x_wconf 89' lang='lat' dir='ltr'>enim</span> <span class='ocrx_word' id='word_1_155' title='bbox 743 1626 796 1680; x_wconf 89' lang='lat' dir='ltr'>per</span> <span class='ocrx_word' id='word_1_156' title='bbox 818 1607 999 1665; x_wconf 85' lang='lat' dir='ltr'>vetustatem</span> <span class='ocrx_word' id='word_1_157' title='bbox 1021 1604 1089 1679; x_wconf 90' lang='lat' dir='ltr'>plus</span> <span class='ocrx_word' id='word_1_158' title='bbox 1113 1603 1193 1663; x_wconf 78' lang='lat' dir='ltr'>valet.</span> 
     </span>
    </p>

    <p class='ocr_par' dir='ltr' id='par_1_5' title="bbox 117 1692 1229 2390">
     <span class='ocr_line' id='line_1_18' title="bbox 117 1692 1193 1771; baseline -0.004 -19"><span class='ocrx_word' id='word_1_159' title='bbox 117 1697 173 1752; x_wconf 86' lang='grc'>198</span> <span class='ocrx_word' id='word_1_160' title='bbox 193 1695 224 1752; x_wconf 91' lang='lat' dir='ltr'>et</span> <span class='ocrx_word' id='word_1_161' title='bbox 247 1713 282 1751; x_wconf 81' lang='lat' dir='ltr'>ex</span> <span class='ocrx_word' id='word_1_162' title='bbox 305 1712 339 1752; x_wconf 92' lang='lat' dir='ltr'>eo</span> <span class='ocrx_word' id='word_1_163' title='bbox 362 1695 577 1754; x_wconf 87' lang='lat' dir='ltr'>medicamento</span> <span class='ocrx_word' id='word_1_164' title='bbox 602 1695 778 1754; x_wconf 84' lang='lat' dir='ltr'>coclearium</span> <span class='ocrx_word' id='word_1_165' title='bbox 800 1714 894 1752; x_wconf 89' lang='lat' dir='ltr'>unum</span> <span class='ocrx_word' id='word_1_166' title='bbox 917 1693 1041 1771; x_wconf 82' lang='lat' dir='ltr'>singulis</span> <span class='ocrx_word' id='word_1_167' title='bbox 1059 1692 1193 1751; x_wconf 86' lang='lat' dir='ltr'>morbidis</span> 
     </span>
     <span class='ocr_line' id='line_1_19' title="bbox 193 1781 1229 1858; baseline 0.002 -18"><span class='ocrx_word' id='word_1_168' title='bbox 193 1803 228 1840; x_wconf 84' lang='lat' dir='ltr'>ex</span> <span class='ocrx_word' id='word_1_169' title='bbox 251 1801 329 1858; x_wconf 88' lang='lat' dir='ltr'>aqua</span> <span class='ocrx_word' id='word_1_170' title='bbox 353 1783 451 1841; x_wconf 84' lang='lat' dir='ltr'>calida</span> <span class='ocrx_word' id='word_1_171' title='bbox 475 1787 505 1842; x_wconf 85' lang='lat' dir='ltr'>et</span> <span class='ocrx_word' id='word_1_172' title='bbox 528 1784 593 1842; x_wconf 89' lang='lat' dir='ltr'>oleo</span> <span class='ocrx_word' id='word_1_173' title='bbox 617 1784 782 1858; x_wconf 83' lang='lat' dir='ltr'>praemixto</span> <span class='ocrx_word' id='word_1_174' title='bbox 806 1783 837 1840; x_wconf 93' lang='lat' dir='ltr'>in</span> <span class='ocrx_word' id='word_1_175' title='bbox 860 1783 964 1858; x_wconf 90' lang='lat' dir='ltr'>primis</span> <span class='ocrx_word' id='word_1_176' title='bbox 988 1782 1089 1840; x_wconf 92' lang='lat' dir='ltr'>diebus</span> <span class='ocrx_word' id='word_1_177' title='bbox 1109 1781 1192 1838; x_wconf 89' lang='lat' dir='ltr'>dabis.</span> <span class='ocrx_word' id='word_1_178' title='bbox 1228 1811 1229 1842; x_wconf 77' lang='lat'>1</span> 
     </span>
     <span class='ocr_line' id='line_1_20' title="bbox 192 1868 1192 1947; baseline -0.002 -18"><span class='ocrx_word' id='word_1_179' title='bbox 192 1890 259 1929; x_wconf 90' lang='lat' dir='ltr'>cum</span> <span class='ocrx_word' id='word_1_180' title='bbox 283 1871 433 1946; x_wconf 81' lang='lat' dir='ltr'>coeperint</span> <span class='ocrx_word' id='word_1_181' title='bbox 455 1872 592 1931; x_wconf 90' lang='lat' dir='ltr'>meliores</span> <span class='ocrx_word' id='word_1_182' title='bbox 616 1891 692 1947; x_wconf 90' lang='lat' dir='ltr'>esse,</span> <span class='ocrx_word' id='word_1_183' title='bbox 722 1872 828 1946; x_wconf 87' lang='lat' dir='ltr'>quibus</span> <span class='ocrx_word' id='word_1_184' title='bbox 852 1872 996 1945; x_wconf 88' lang='lat' dir='ltr'>evenerit,</span> <span class='ocrx_word' id='word_1_185' title='bbox 1024 1873 1060 1928; x_wconf 92' lang='lat' dir='ltr'>ut</span> <span class='ocrx_word' id='word_1_186' title='bbox 1080 1868 1192 1928; x_wconf 84' lang='lat' dir='ltr'>liberari</span> 
     </span>
     <span class='ocr_line' id='line_1_21' title="bbox 191 1958 1219 2036; baseline 0.001 -19"><span class='ocrx_word' id='word_1_187' title='bbox 191 1959 316 2034; x_wconf 85' lang='lat' dir='ltr'>possint,</span> <span class='ocrx_word' id='word_1_188' title='bbox 339 1960 423 2018; x_wconf 88' lang='lat' dir='ltr'>dabis</span> <span class='ocrx_word' id='word_1_189' title='bbox 447 1980 482 2018; x_wconf 84' lang='lat' dir='ltr'>ex</span> <span class='ocrx_word' id='word_1_190' title='bbox 500 1961 569 2019; x_wconf 84' lang='lat' dir='ltr'>vino</span> <span class='ocrx_word' id='word_1_191' title='bbox 590 1964 620 2019; x_wconf 89' lang='lat' dir='ltr'>et</span> <span class='ocrx_word' id='word_1_192' title='bbox 638 1961 703 2019; x_wconf 89' lang='lat' dir='ltr'>oleo</span> <span class='ocrx_word' id='word_1_193' title='bbox 722 1961 761 2018; x_wconf 91' lang='lat' dir='ltr'>ad</span> <span class='ocrx_word' id='word_1_194' title='bbox 778 1961 918 2019; x_wconf 87' lang='lat' dir='ltr'>cocliaria</span> <span class='ocrx_word' id='word_1_195' title='bbox 937 1959 1055 2036; x_wconf 76' lang='lat' dir='ltr'>singula</span> <span class='ocrx_word' id='word_1_196' title='bbox 1073 1958 1219 2036; x_wconf 82' lang='lat' dir='ltr'>singulisu</span> 
     </span>
     <span class='ocr_line' id='line_1_22' title="bbox 192 2047 1192 2124; baseline 0 -20"><span class='ocrx_word' id='word_1_197' title='bbox 192 2047 302 2106; x_wconf 83' lang='lat' dir='ltr'>diebus</span> <span class='ocrx_word' id='word_1_198' title='bbox 349 2068 384 2106; x_wconf 85' lang='lat' dir='ltr'>ex</span> <span class='ocrx_word' id='word_1_199' title='bbox 414 2050 471 2106; x_wconf 90' lang='lat' dir='ltr'>hac</span> <span class='ocrx_word' id='word_1_200' title='bbox 502 2049 623 2124; x_wconf 86' lang='lat' dir='ltr'>potione</span> <span class='ocrx_word' id='word_1_201' title='bbox 655 2049 804 2108; x_wconf 88' lang='lat' dir='ltr'>morbidos</span> <span class='ocrx_word' id='word_1_202' title='bbox 841 2049 989 2108; x_wconf 78' lang='lat' dir='ltr'>liberabis.</span> <span class='ocrx_word' id='word_1_203' title='bbox 1036 2067 1123 2123; x_wconf 82' lang='lat' dir='ltr'>saepe</span> <span class='ocrx_word' id='word_1_204' title='bbox 1152 2067 1192 2106; x_wconf 86' lang='lat' dir='ltr'>er·</span> 
     </span>
     <span class='ocr_line' id='line_1_23' title="bbox 192 2135 1192 2212; baseline -0.001 -20"><span class='ocrx_word' id='word_1_205' title='bbox 192 2135 392 2210; x_wconf 86' lang='lat' dir='ltr'>perimentata</span> <span class='ocrx_word' id='word_1_206' title='bbox 415 2139 461 2196; x_wconf 90' lang='lat' dir='ltr'>est</span> <span class='ocrx_word' id='word_1_207' title='bbox 489 2139 562 2196; x_wconf 88' lang='lat' dir='ltr'>hacc</span> <span class='ocrx_word' id='word_1_208' title='bbox 591 2139 683 2212; x_wconf 86' lang='lat' dir='ltr'>potio.</span> <span class='ocrx_word' id='word_1_209' title='bbox 735 2139 809 2196; x_wconf 91' lang='lat' dir='ltr'>haec</span> <span class='ocrx_word' id='word_1_210' title='bbox 837 2156 884 2196; x_wconf 91' lang='lat' dir='ltr'>res</span> <span class='ocrx_word' id='word_1_211' title='bbox 908 2155 1027 2196; x_wconf 85' lang='lat' dir='ltr'>amarae</span> <span class='ocrx_word' id='word_1_212' title='bbox 1057 2139 1142 2210; x_wconf 87' lang='lat' dir='ltr'>sunt,</span> <span class='ocrx_word' id='word_1_213' title='bbox 1168 2137 1192 2191; x_wconf 90' lang='lat' dir='ltr'>et</span> 
     </span>
     <span class='ocr_line' id='line_1_24' title="bbox 191 2223 1192 2302; baseline 0 -20"><span class='ocrx_word' id='word_1_214' title='bbox 191 2224 311 2282; x_wconf 90' lang='lat' dir='ltr'>morbus</span> <span class='ocrx_word' id='word_1_215' title='bbox 335 2244 453 2284; x_wconf 90' lang='lat' dir='ltr'>amarus</span> <span class='ocrx_word' id='word_1_216' title='bbox 478 2228 530 2284; x_wconf 90' lang='lat' dir='ltr'>est.</span> <span class='ocrx_word' id='word_1_217' title='bbox 569 2225 615 2284; x_wconf 84' lang='lat' dir='ltr'>ita</span> <span class='ocrx_word' id='word_1_218' title='bbox 636 2226 744 2302; x_wconf 75' lang='lat' dir='ltr'>incipit</span> <span class='ocrx_word' id='word_1_219' title='bbox 765 2227 838 2286; x_wconf 85' lang='lat' dir='ltr'>baec</span> <span class='ocrx_word' id='word_1_220' title='bbox 861 2227 946 2301; x_wconf 91' lang='lat' dir='ltr'>potio</span> <span class='ocrx_word' id='word_1_221' title='bbox 969 2245 1071 2285; x_wconf 83' lang='lat' dir='ltr'>amara</span> <span class='ocrx_word' id='word_1_222' title='bbox 1095 2223 1192 2286; x_wconf 86' lang='lat' dir='ltr'>amari·</span> 
     </span>
     <span class='ocr_line' id='line_1_25' title="bbox 192 2313 622 2390; baseline 0.007 -20"><span class='ocrx_word' id='word_1_223' title='bbox 192 2313 327 2370; x_wconf 76' lang='lat' dir='ltr'>tudinem</span> <span class='ocrx_word' id='word_1_224' title='bbox 349 2314 445 2374; x_wconf 90' lang='lat' dir='ltr'>morbi</span> <span class='ocrx_word' id='word_1_225' title='bbox 469 2315 622 2390; x_wconf 86' lang='lat' dir='ltr'>expellere.</span> 
     </span>
    </p>

    <p class='ocr_par' dir='ltr' id='par_1_6' title="bbox 115 2403 1220 2923">
     <span class='ocr_line' id='line_1_26' title="bbox 115 2403 1219 2479; baseline -0.004 -14"><span class='ocrx_word' id='word_1_226' title='bbox 115 2409 172 2465; x_wconf 80' lang='grc'>199</span> <span class='ocrx_word' id='word_1_227' title='bbox 258 2421 334 2478; x_wconf 83' lang='lat' dir='ltr'>quae</span> <span class='ocrx_word' id='word_1_228' title='bbox 362 2403 422 2462; x_wconf 91' lang='lat' dir='ltr'>sint</span> <span class='ocrx_word' id='word_1_229' title='bbox 449 2403 526 2462; x_wconf 86' lang='lat' dir='ltr'>aliae</span> <span class='ocrx_word' id='word_1_230' title='bbox 555 2422 602 2462; x_wconf 88' lang='lat' dir='ltr'>res</span> <span class='ocrx_word' id='word_1_231' title='bbox 631 2403 803 2478; x_wconf 88' lang='lat' dir='ltr'>potionibus</span> <span class='ocrx_word' id='word_1_232' title='bbox 835 2406 923 2479; x_wconf 90' lang='lat' dir='ltr'>aptae</span> <span class='ocrx_word' id='word_1_233' title='bbox 953 2403 1092 2462; x_wconf 79' lang='lat' dir='ltr'>adversus</span> <span class='ocrx_word' id='word_1_234' title='bbox 1122 2421 1189 2462; x_wconf 90' lang='lat' dir='ltr'>mor·</span> <span class='ocrx_word' id='word_1_235' title='bbox 1202 2419 1219 2461; x_wconf 83' lang='lat' dir='ltr'>u</span> 
     </span>
     <span class='ocr_line' id='line_1_27' title="bbox 191 2491 1191 2570; baseline -0.002 -22"><span class='ocrx_word' id='word_1_236' title='bbox 191 2491 263 2549; x_wconf 92' lang='lat' dir='ltr'>bum</span> <span class='ocrx_word' id='word_1_237' title='bbox 289 2491 402 2551; x_wconf 84' lang='lat' dir='ltr'>maleus</span> <span class='ocrx_word' id='word_1_238' title='bbox 428 2495 643 2570; x_wconf 85' lang='lat' dir='ltr'>repugnantes,</span> <span class='ocrx_word' id='word_1_239' title='bbox 672 2493 789 2568; x_wconf 87' lang='lat' dir='ltr'>plenius</span> <span class='ocrx_word' id='word_1_240' title='bbox 817 2492 994 2552; x_wconf 87' lang='lat' dir='ltr'>demonstro.</span> <span class='ocrx_word' id='word_1_241' title='bbox 1020 2491 1191 2553; x_wconf 41' lang='lat' dir='ltr'>..nheec</span> 
     </span>
     <span class='ocr_line' id='line_1_28' title="bbox 191 2578 1190 2657; baseline -0.004 -19"><span class='ocrx_word' id='word_1_242' title='bbox 191 2579 367 2655; x_wconf 79' lang='lat' dir='ltr'>compositio</span> <span class='ocrx_word' id='word_1_243' title='bbox 391 2599 457 2640; x_wconf 90' lang='lat' dir='ltr'>cum</span> <span class='ocrx_word' id='word_1_244' title='bbox 478 2581 578 2656; x_wconf 91' lang='lat' dir='ltr'>ulpico</span> <span class='ocrx_word' id='word_1_245' title='bbox 601 2583 674 2640; x_wconf 83' lang='lat' dir='ltr'>trito</span> <span class='ocrx_word' id='word_1_246' title='bbox 699 2601 734 2640; x_wconf 81' lang='lat' dir='ltr'>ex</span> <span class='ocrx_word' id='word_1_247' title='bbox 761 2599 840 2657; x_wconf 84' lang='lat' dir='ltr'>aqua</span> <span class='ocrx_word' id='word_1_248' title='bbox 867 2582 953 2656; x_wconf 86' lang='lat' dir='ltr'>dato,</span> <span class='ocrx_word' id='word_1_249' title='bbox 984 2581 1062 2640; x_wconf 90' lang='lat' dir='ltr'>sicut</span> <span class='ocrx_word' id='word_1_250' title='bbox 1087 2581 1119 2638; x_wconf 93' lang='lat' dir='ltr'>in</span> <span class='ocrx_word' id='word_1_251' title='bbox 1140 2578 1190 2637; x_wconf 86' lang='lat' dir='ltr'>alio</span> 
     </span>
     <span class='ocr_line' id='line_1_29' title="bbox 191 2666 1191 2745; baseline -0.003 -19"><span class='ocrx_word' id='word_1_252' title='bbox 191 2668 268 2728; x_wconf 90' lang='lat' dir='ltr'>libro</span> <span class='ocrx_word' id='word_1_253' title='bbox 301 2668 399 2744; x_wconf 90' lang='lat' dir='ltr'>docui,</span> <span class='ocrx_word' id='word_1_254' title='bbox 437 2673 467 2728; x_wconf 92' lang='lat' dir='ltr'>et</span> <span class='ocrx_word' id='word_1_255' title='bbox 499 2673 580 2730; x_wconf 78' lang='lat' dir='ltr'>certa</span> <span class='ocrx_word' id='word_1_256' title='bbox 612 2671 658 2728; x_wconf 91' lang='lat' dir='ltr'>die</span> <span class='ocrx_word' id='word_1_257' title='bbox 691 2671 762 2728; x_wconf 87' lang='lat' dir='ltr'>data</span> <span class='ocrx_word' id='word_1_258' title='bbox 793 2669 896 2728; x_wconf 91' lang='lat' dir='ltr'>morbo</span> <span class='ocrx_word' id='word_1_259' title='bbox 929 2669 1091 2745; x_wconf 86' lang='lat' dir='ltr'>praevenit.</span> <span class='ocrx_word' id='word_1_260' title='bbox 1139 2666 1191 2726; x_wconf 85' lang='lat' dir='ltr'>ulie</span> 
     </span>
     <span class='ocr_line' id='line_1_30' title="bbox 191 2757 1190 2834; baseline -0.005 -18"><span class='ocrx_word' id='word_1_261' title='bbox 191 2757 282 2832; x_wconf 82' lang='lat' dir='ltr'>potio</span> <span class='ocrx_word' id='word_1_262' title='bbox 347 2759 481 2817; x_wconf 90' lang='lat' dir='ltr'>catulum</span> <span class='ocrx_word' id='word_1_263' title='bbox 523 2759 686 2818; x_wconf 84' lang='lat' dir='ltr'>luctantem</span> <span class='ocrx_word' id='word_1_264' title='bbox 728 2759 830 2818; x_wconf 83' lang='lat' dir='ltr'>virum</span> <span class='ocrx_word' id='word_1_265' title='bbox 872 2758 904 2816; x_wconf 93' lang='lat' dir='ltr'>in</span> <span class='ocrx_word' id='word_1_266' title='bbox 948 2777 1027 2834; x_wconf 85' lang='lat' dir='ltr'>aqua</span> <span class='ocrx_word' id='word_1_267' title='bbox 1069 2757 1190 2818; x_wconf 77' lang='lat' dir='ltr'>fervente</span> 
     </span>
     <span class='ocr_line' id='line_1_31' title="bbox 191 2846 1220 2923; baseline -0.001 -20"><span class='ocrx_word' id='word_1_268' title='bbox 191 2847 327 2922; x_wconf 89' lang='lat' dir='ltr'>missum,</span> <span class='ocrx_word' id='word_1_269' title='bbox 362 2846 435 2906; x_wconf 87' lang='lat' dir='ltr'>foris</span> <span class='ocrx_word' id='word_1_270' title='bbox 472 2847 637 2922; x_wconf 84' lang='lat' dir='ltr'>depilatum</span> <span class='ocrx_word' id='word_1_271' title='bbox 672 2847 773 2923; x_wconf 88' lang='lat' dir='ltr'>ibique</span> <span class='ocrx_word' id='word_1_272' title='bbox 809 2847 976 2922; x_wconf 87' lang='lat' dir='ltr'>decoctum,</span> <span class='ocrx_word' id='word_1_273' title='bbox 1012 2847 1104 2908; x_wconf 89' lang='lat' dir='ltr'>donec</span> <span class='ocrx_word' id='word_1_274' title='bbox 1134 2860 1220 2904; x_wconf 78' lang='lat' dir='ltr'>ossae</span> 
     </span>
    </p>
   </div>
   <div class='ocr_carea' id='block_1_3' title="bbox 190 2975 1192 3476">
    <p class='ocr_par' dir='ltr' id='par_1_7' title="bbox 190 2975 1192 3476">
     <span class='ocr_line' id='line_1_32' title="bbox 263 2975 1192 3050; baseline 0.001 -18"><span class='ocrx_word' id='word_1_275' title='bbox 263 2979 342 3034; x_wconf 86' lang='lat' dir='ltr'>lvcl</span> <span class='ocrx_word' id='word_1_276' title='bbox 357 2980 485 3034; x_wconf 79' lang='lat' dir='ltr'>:velut</span> <span class='ocrx_word' id='word_1_277' title='bbox 506 2983 516 3050; x_wconf 79' lang='grc' dir='ltr'>ΙΙ</span> <span class='ocrx_word' id='word_1_278' title='bbox 538 2986 555 3034; x_wconf 83' lang='grc'>4</span> <span class='ocrx_word' id='word_1_279' title='bbox 583 2981 778 3050; x_wconf 74' lang='lat' dir='ltr'>Ve9.116,1</span> <span class='ocrx_word' id='word_1_280' title='bbox 803 2981 808 3050; x_wconf 75' lang='lat' dir='ltr'>l</span> <span class='ocrx_word' id='word_1_281' title='bbox 832 2997 883 3034; x_wconf 91' lang='lat' dir='ltr'>nec</span> <span class='ocrx_word' id='word_1_282' title='bbox 902 3007 936 3026; x_wconf 88' lang='lat'>=</span> <span class='ocrx_word' id='word_1_283' title='bbox 954 2979 1010 3033; x_wconf 91' lang='lat' dir='ltr'>nisi</span> <span class='ocrx_word' id='word_1_284' title='bbox 1032 2983 1042 3050; x_wconf 71' lang='grc' dir='ltr'><strong>ῃ</strong></span> <span class='ocrx_word' id='word_1_285' title='bbox 1065 2987 1080 3034; x_wconf 84' lang='grc'>9</span> <span class='ocrx_word' id='word_1_286' title='bbox 1103 2975 1192 3049; x_wconf 70' lang='lat' dir='ltr'>Vsul</span> 
     </span>
     <span class='ocr_line' id='line_1_33' title="bbox 191 3051 1189 3123; baseline -0.006 -18"><span class='ocrx_word' id='word_1_287' title='bbox 191 3056 237 3117; x_wconf 85' lang='lat'>16,</span> <span class='ocrx_word' id='word_1_288' title='bbox 251 3055 268 3104; x_wconf 85' lang='lat'><strong><em>5</em></strong></span> <span class='ocrx_word' id='word_1_289' title='bbox 282 3053 291 3120; x_wconf 75' lang='grc' dir='ltr'>ΙΙ</span> <span class='ocrx_word' id='word_1_290' title='bbox 306 3055 339 3103; x_wconf 90' lang='grc'>10</span> <span class='ocrx_word' id='word_1_291' title='bbox 358 3052 389 3104; x_wconf 79' lang='lat' dir='ltr'>iu</span> <span class='ocrx_word' id='word_1_292' title='bbox 406 3069 491 3123; x_wconf 74' lang='lat' dir='ltr'>maro.</span> <span class='ocrx_word' id='word_1_293' title='bbox 511 3051 582 3106; x_wconf 82' lang='lat' dir='ltr'>baec</span> <span class='ocrx_word' id='word_1_294' title='bbox 605 3054 648 3106; x_wconf 87' lang='lat' dir='ltr'>est</span> <span class='ocrx_word' id='word_1_295' title='bbox 670 3051 748 3120; x_wconf 91' lang='lat' dir='ltr'>potio</span> <span class='ocrx_word' id='word_1_296' title='bbox 768 3051 804 3105; x_wconf 81' lang='lat' dir='ltr'>ad</span> <span class='ocrx_word' id='word_1_297' title='bbox 828 3051 922 3106; x_wconf 92' lang='lat' dir='ltr'>omnia</span> <span class='ocrx_word' id='word_1_298' title='bbox 935 3053 944 3122; x_wconf 71' lang='lat' dir='ltr'>ll</span> <span class='ocrx_word' id='word_1_299' title='bbox 959 3058 991 3105; x_wconf 88' lang='lat'>11</span> <span class='ocrx_word' id='word_1_300' title='bbox 1010 3053 1029 3106; x_wconf 79' lang='lat' dir='ltr'>i.</span> <span class='ocrx_word' id='word_1_301' title='bbox 1045 3069 1065 3106; x_wconf 88' lang='lat' dir='ltr'>e.</span> <span class='ocrx_word' id='word_1_302' title='bbox 1086 3051 1189 3105; x_wconf 79' lang='lat' dir='ltr'>cadmea</span> 
     </span>
     <span class='ocr_line' id='line_1_34' title="bbox 190 3120 1189 3198; baseline -0.004 -24"><span class='ocrx_word' id='word_1_303' title='bbox 190 3120 323 3190; x_wconf 85' lang='lat' dir='ltr'>botryitis</span> <span class='ocrx_word' id='word_1_304' title='bbox 348 3123 353 3190; x_wconf 90' lang='grc' dir='ltr'>Ι</span> <span class='ocrx_word' id='word_1_305' title='bbox 378 3121 465 3176; x_wconf 88' lang='lat' dir='ltr'>esistu</span> <span class='ocrx_word' id='word_1_306' title='bbox 487 3125 498 3192; x_wconf 82' lang='grc'>11</span> <span class='ocrx_word' id='word_1_307' title='bbox 521 3128 553 3176; x_wconf 84' lang='grc'>15</span> <span class='ocrx_word' id='word_1_308' title='bbox 578 3123 616 3176; x_wconf 85' lang='lat' dir='ltr'>ad</span> <span class='ocrx_word' id='word_1_309' title='bbox 641 3123 691 3177; x_wconf 85' lang='lat' dir='ltr'>del.</span> <span class='ocrx_word' id='word_1_310' title='bbox 717 3123 745 3174; x_wconf 94' lang='lat' dir='ltr'><em>B</em></span> <span class='ocrx_word' id='word_1_311' title='bbox 772 3126 781 3192; x_wconf 74' lang='lat' dir='ltr'>n</span> <span class='ocrx_word' id='word_1_312' title='bbox 810 3128 842 3176; x_wconf 88' lang='grc'>16</span> <span class='ocrx_word' id='word_1_313' title='bbox 870 3125 1005 3194; x_wconf 85' lang='lat' dir='ltr'>stangneo</span> <span class='ocrx_word' id='word_1_314' title='bbox 1028 3124 1038 3192; x_wconf 71' lang='lat' dir='ltr'>l!</span> <span class='ocrx_word' id='word_1_315' title='bbox 1065 3128 1099 3176; x_wconf 78' lang='lat'>23</span> <span class='ocrx_word' id='word_1_316' title='bbox 1124 3120 1189 3198; x_wconf 68' lang='lat' dir='ltr'>infru</span> 
     </span>
     <span class='ocr_line' id='line_1_35' title="bbox 191 3191 1188 3264; baseline -0.003 -19"><span class='ocrx_word' id='word_1_317' title='bbox 191 3197 247 3246; x_wconf 78' lang='lat'>346</span> <span class='ocrx_word' id='word_1_318' title='bbox 277 3194 287 3263; x_wconf 79' lang='grc' dir='ltr'>ΙΙ</span> <span class='ocrx_word' id='word_1_319' title='bbox 319 3198 352 3246; x_wconf 80' lang='grc'>16</span> <span class='ocrx_word' id='word_1_320' title='bbox 383 3194 418 3259; x_wconf 80' lang='lat' dir='ltr'>cf.</span> <span class='ocrx_word' id='word_1_321' title='bbox 442 3197 498 3248; x_wconf 78' lang='lat'>204</span> <span class='ocrx_word' id='word_1_322' title='bbox 528 3201 552 3248; x_wconf 81' lang='lat' dir='ltr'>et</span> <span class='ocrx_word' id='word_1_323' title='bbox 581 3194 643 3264; x_wconf 75' lang='lat' dir='ltr'>Veo.</span> <span class='ocrx_word' id='word_1_324' title='bbox 663 3194 684 3246; x_wconf 90' lang='lat' dir='ltr'><strong><em>I</em></strong></span> <span class='ocrx_word' id='word_1_325' title='bbox 703 3196 740 3246; x_wconf 88' lang='grc'>18</span> <span class='ocrx_word' id='word_1_326' title='bbox 772 3200 775 3260; x_wconf 89' lang='grc' dir='ltr'>Ι</span> <span class='ocrx_word' id='word_1_327' title='bbox 807 3196 1015 3262; x_wconf 79' lang='lat' dir='ltr'>repungnantes</span> <span class='ocrx_word' id='word_1_328' title='bbox 1051 3195 1061 3263; x_wconf 67' lang='grc' dir='ltr'><strong>ῃ</strong></span> <span class='ocrx_word' id='word_1_329' title='bbox 1088 3199 1120 3246; x_wconf 81' lang='grc'>11</span> <span class='ocrx_word' id='word_1_330' title='bbox 1143 3191 1188 3244; x_wconf 82' lang='lat' dir='ltr'>nhc</span> 
     </span>
     <span class='ocr_line' id='line_1_36' title="bbox 191 3261 1187 3334; baseline -0.005 -19"><span class='ocrx_word' id='word_1_331' title='bbox 191 3261 276 3318; x_wconf 88' lang='lat' dir='ltr'>libro:</span> <span class='ocrx_word' id='word_1_332' title='bbox 304 3264 383 3330; x_wconf 76' lang='lat' dir='ltr'>iufra</span> <span class='ocrx_word' id='word_1_333' title='bbox 407 3265 477 3318; x_wconf 83' lang='lat' dir='ltr'>deest</span> <span class='ocrx_word' id='word_1_334' title='bbox 503 3267 512 3334; x_wconf 76' lang='grc' dir='ltr'>ιΙ</span> <span class='ocrx_word' id='word_1_335' title='bbox 540 3269 573 3317; x_wconf 82' lang='lat'>29</span> <span class='ocrx_word' id='word_1_336' title='bbox 598 3263 701 3318; x_wconf 85' lang='lat' dir='ltr'>Chiron</span> <span class='ocrx_word' id='word_1_337' title='bbox 723 3281 789 3318; x_wconf 80' lang='lat' dir='ltr'>vero</span> <span class='ocrx_word' id='word_1_338' title='bbox 813 3263 967 3318; x_wconf 80' lang='lat' dir='ltr'>Centaurus</span> <span class='ocrx_word' id='word_1_339' title='bbox 993 3268 1105 3333; x_wconf 86' lang='lat' dir='ltr'>praeter</span> <span class='ocrx_word' id='word_1_340' title='bbox 1129 3261 1187 3316; x_wconf 84' lang='lat' dir='ltr'>cline</span> 
     </span>
     <span class='ocr_line' id='line_1_37' title="bbox 191 3333 1188 3404; baseline 0.001 -18"><span class='ocrx_word' id='word_1_341' title='bbox 191 3333 417 3402; x_wconf 87' lang='lat' dir='ltr'>compositiones,</span> <span class='ocrx_word' id='word_1_342' title='bbox 436 3352 508 3403; x_wconf 81' lang='lat' dir='ltr'>quae</span> <span class='ocrx_word' id='word_1_343' title='bbox 527 3335 584 3388; x_wconf 84' lang='lat' dir='ltr'>iam</span> <span class='ocrx_word' id='word_1_344' title='bbox 602 3333 710 3389; x_wconf 82' lang='lat' dir='ltr'>relatae</span> <span class='ocrx_word' id='word_1_345' title='bbox 730 3337 807 3404; x_wconf 89' lang='lat' dir='ltr'>sunt,</span> <span class='ocrx_word' id='word_1_346' title='bbox 832 3335 933 3389; x_wconf 84' lang='lat' dir='ltr'>asserit</span> <span class='ocrx_word' id='word_1_347' title='bbox 951 3334 1077 3388; x_wconf 85' lang='lat' dir='ltr'>catulum</span> <span class='ocrx_word' id='word_1_348' title='bbox 1095 3335 1188 3388; x_wconf 82' lang='lat' dir='ltr'>laetan-</span> 
     </span>
     <span class='ocr_line' id='line_1_38' title="bbox 190 3403 1187 3476; baseline -0.001 -20"><span class='ocrx_word' id='word_1_349' title='bbox 190 3406 248 3456; x_wconf 91' lang='lat' dir='ltr'>tem</span> <span class='ocrx_word' id='word_1_350' title='bbox 271 3403 366 3457; x_wconf 84' lang='lat' dir='ltr'>vivum</span> <span class='ocrx_word' id='word_1_351' title='bbox 389 3405 420 3457; x_wconf 92' lang='lat' dir='ltr'>in</span> <span class='ocrx_word' id='word_1_352' title='bbox 438 3422 512 3474; x_wconf 86' lang='lat' dir='ltr'>aqua</span> <span class='ocrx_word' id='word_1_353' title='bbox 544 3405 664 3460; x_wconf 87' lang='lat' dir='ltr'>ferventi</span> <span class='ocrx_word' id='word_1_354' title='bbox 695 3405 811 3460; x_wconf 87' lang='lat' dir='ltr'>missum</span> <span class='ocrx_word' id='word_1_355' title='bbox 840 3423 873 3460; x_wconf 85' lang='lat' dir='ltr'>ac</span> <span class='ocrx_word' id='word_1_356' title='bbox 901 3405 1057 3476; x_wconf 88' lang='lat' dir='ltr'>depilatum</span> <span class='ocrx_word' id='word_1_357' title='bbox 1085 3405 1126 3460; x_wconf 86' lang='lat' dir='ltr'>ita</span> <span class='ocrx_word' id='word_1_358' title='bbox 1150 3403 1187 3455; x_wconf 88' lang='lat' dir='ltr'>de·</span> 
     </span>
    </p>
   </div>
   <div class='ocr_carea' id='block_1_4' title="bbox 190 3473 821 3546">
    <p class='ocr_par' dir='ltr' id='par_1_8' title="bbox 190 3473 821 3546">
     <span class='ocr_line' id='line_1_39' title="bbox 190 3473 821 3546; baseline 0.005 -19"><span class='ocrx_word' id='word_1_359' title='bbox 190 3473 273 3541; x_wconf 90' lang='lat' dir='ltr'>coqui</span> <span class='ocrx_word' id='word_1_360' title='bbox 292 3491 343 3542; x_wconf 75' lang='lat' dir='ltr'>equ.</span> <span class='ocrx_word' id='word_1_361' title='bbox 367 3475 429 3546; x_wconf 73' lang='lat' dir='ltr'>ch.</span> <span class='ocrx_word' id='word_1_362' title='bbox 447 3477 470 3528; x_wconf 94' lang='lat' dir='ltr'><strong><em>I</em></strong></span> <span class='ocrx_word' id='word_1_363' title='bbox 489 3480 597 3544; x_wconf 81' lang='lat'><em>17‚16,·</em></span> <span class='ocrx_word' id='word_1_364' title='bbox 615 3478 649 3542; x_wconf 75' lang='lat' dir='ltr'>cf.</span> <span class='ocrx_word' id='word_1_365' title='bbox 668 3477 746 3543; x_wconf 79' lang='lat' dir='ltr'>iufra</span> <span class='ocrx_word' id='word_1_366' title='bbox 765 3481 821 3530; x_wconf 79' lang='lat'>812</span> 
     </span>
    </p>
   </div>
   <div class='ocr_carea' id='block_1_5' title="bbox 0 0 1240 3902">
    <p class='ocr_par' dir='ltr' id='par_1_9' title="bbox 0 0 1240 3902">
     <span class='ocr_line' id='line_1_40' title="bbox 0 0 1240 3902; baseline 0 0"><span class='ocrx_word' id='word_1_367' title='bbox 0 0 1240 3902; x_wconf 95' lang='lat' dir='ltr'> </span> 
     </span>
    </p>
   </div>
  </div>
 </body>
</html>
