<?xml version="1.0" encoding="UTF-8"?>
<!DOCTYPE html PUBLIC "-//W3C//DTD XHTML 1.0 Transitional//EN"
    "http://www.w3.org/TR/xhtml1/DTD/xhtml1-transitional.dtd">
<html xmlns="http://www.w3.org/1999/xhtml" xml:lang="en" lang="en">
 <head>
  <title>
</title>
<meta http-equiv="Content-Type" content="text/html;charset=utf-8" />
  <meta name='ocr-system' content='tesseract 3.04.00' />
  <meta name='ocr-capabilities' content='ocr_page ocr_carea ocr_par ocr_line ocrx_word'/>
</head>
<body>
  <div class='ocr_page' id='page_1' title='image "./claudiihermerim03hermgoog_0322.png"; bbox 0 0 2462 3906; ppageno 0'>
   <div class='ocr_carea' id='block_1_1' title="bbox 217 171 1036 236">
    <p class='ocr_par' dir='ltr' id='par_1_1' title="bbox 217 171 1036 236">
     <span class='ocr_line' id='line_1_1' title="bbox 217 171 1036 236; baseline 0.011 -8"><span class='ocrx_word' id='word_1_1' title='bbox 217 172 500 230; x_wconf 66' lang='lat' dir='ltr'><strong>coronamenta</strong></span> <span class='ocrx_word' id='word_1_2' title='bbox 518 172 688 229; x_wconf 74' lang='lat' dir='ltr'><strong>omacius</strong></span> <span class='ocrx_word' id='word_1_3' title='bbox 708 179 849 228; x_wconf 75' lang='lat' dir='ltr'><strong>sar-saa</strong></span> <span class='ocrx_word' id='word_1_4' title='bbox 970 171 1036 236; x_wconf 76' lang='lat'><strong>279</strong></span> 
     </span>
    </p>
   </div>
   <div class='ocr_carea' id='block_1_2' title="bbox 8 323 1163 3252">
    <p class='ocr_par' dir='ltr' id='par_1_2' title="bbox 44 323 1038 562">
     <span class='ocr_line' id='line_1_2' title="bbox 44 323 1037 414; baseline 0.002 -34"><span class='ocrx_word' id='word_1_5' title='bbox 44 327 179 384; x_wconf 77' lang='lat' dir='ltr'><strong>veratrum</strong></span> <span class='ocrx_word' id='word_1_6' title='bbox 204 343 229 414; x_wconf 64' lang='lat' dir='ltr'><strong>gr</strong></span> <span class='ocrx_word' id='word_1_7' title='bbox 252 325 330 385; x_wconf 89' lang='lat' dir='ltr'><strong>libra</strong></span> <span class='ocrx_word' id='word_1_8' title='bbox 357 327 388 384; x_wconf 85' lang='lat' dir='ltr'><strong>et</strong></span> <span class='ocrx_word' id='word_1_9' title='bbox 414 325 487 384; x_wconf 87' lang='lat' dir='ltr'><strong>teris</strong></span> <span class='ocrx_word' id='word_1_10' title='bbox 510 328 541 384; x_wconf 83' lang='lat' dir='ltr'><strong>et</strong></span> <span class='ocrx_word' id='word_1_11' title='bbox 563 324 671 399; x_wconf 86' lang='lat' dir='ltr'><strong>cernis,</strong></span> <span class='ocrx_word' id='word_1_12' title='bbox 693 323 858 384; x_wconf 72' lang='lat' dir='ltr'><strong>macerabis</strong></span> <span class='ocrx_word' id='word_1_13' title='bbox 881 324 916 382; x_wconf 89' lang='lat' dir='ltr'><strong>de</strong></span> <span class='ocrx_word' id='word_1_14' title='bbox 939 324 1037 384; x_wconf 89' lang='lat' dir='ltr'><strong>cinere</strong></span> 
     </span>
     <span class='ocr_line' id='line_1_3' title="bbox 44 412 1038 474; baseline 0.003 -6"><span class='ocrx_word' id='word_1_15' title='bbox 44 412 128 472; x_wconf 85' lang='lat' dir='ltr'><strong>lexiva</strong></span> <span class='ocrx_word' id='word_1_16' title='bbox 154 418 206 474; x_wconf 87' lang='lat' dir='ltr'><strong>aut</strong></span> <span class='ocrx_word' id='word_1_17' title='bbox 231 434 268 473; x_wconf 85' lang='lat' dir='ltr'><strong>ex</strong></span> <span class='ocrx_word' id='word_1_18' title='bbox 295 416 379 473; x_wconf 85' lang='lat' dir='ltr'><strong>aceto</strong></span> <span class='ocrx_word' id='word_1_19' title='bbox 401 433 480 474; x_wconf 88' lang='lat' dir='ltr'><strong>acro.</strong></span> <span class='ocrx_word' id='word_1_20' title='bbox 526 413 675 473; x_wconf 82' lang='lat' dir='ltr'><strong>collirium</strong></span> <span class='ocrx_word' id='word_1_21' title='bbox 697 412 771 471; x_wconf 84' lang='lat' dir='ltr'><strong>facis</strong></span> <span class='ocrx_word' id='word_1_22' title='bbox 795 415 825 471; x_wconf 91' lang='lat' dir='ltr'><strong>et</strong></span> <span class='ocrx_word' id='word_1_23' title='bbox 847 413 879 471; x_wconf 92' lang='lat' dir='ltr'><strong>in</strong></span> <span class='ocrx_word' id='word_1_24' title='bbox 900 413 1038 472; x_wconf 87' lang='lat' dir='ltr'><strong>umbram</strong></span> 
     </span>
     <span class='ocr_line' id='line_1_4' title="bbox 44 501 162 562; baseline 0.034 -4"><span class='ocrx_word' id='word_1_25' title='bbox 44 501 162 562; x_wconf 77' lang='lat' dir='ltr'><strong>siccabis,</strong></span> 
     </span>
    </p>

    <p class='ocr_par' dir='ltr' id='par_1_3' title="bbox 98 589 1038 690">
     <span class='ocr_line' id='line_1_5' title="bbox 98 589 1038 690; baseline -0.001 -40"><span class='ocrx_word' id='word_1_26' title='bbox 98 591 202 650; x_wconf 86' lang='lat' dir='ltr'><strong>collirii</strong></span> <span class='ocrx_word' id='word_1_27' title='bbox 225 591 400 668; x_wconf 78' lang='lat' dir='ltr'><strong>compositio</strong></span> <span class='ocrx_word' id='word_1_28' title='bbox 425 592 463 651; x_wconf 87' lang='lat' dir='ltr'><strong>ad</strong></span> <span class='ocrx_word' id='word_1_29' title='bbox 485 591 721 669; x_wconf 82' lang='lat' dir='ltr'><strong>cartilaginosos.</strong></span> <span class='ocrx_word' id='word_1_30' title='bbox 754 589 890 649; x_wconf 80' lang='lat' dir='ltr'><strong>culcitam</strong></span> <span class='ocrx_word' id='word_1_31' title='bbox 907 605 932 690; x_wconf 57' lang='grc' dir='ltr'><strong>ᾇ)</strong></span> <span class='ocrx_word' id='word_1_32' title='bbox 951 589 1038 667; x_wconf 86' lang='lat' dir='ltr'><strong>libra,</strong></span> 
     </span>
    </p>

    <p class='ocr_par' dir='ltr' id='par_1_4' title="bbox 25 679 1040 1008">
     <span class='ocr_line' id='line_1_6' title="bbox 25 679 1038 770; baseline -0.004 -31"><span class='ocrx_word' id='word_1_33' title='bbox 25 679 128 739; x_wconf 72' lang='lat' dir='ltr'><strong>enisum</strong></span> <span class='ocrx_word' id='word_1_34' title='bbox 148 699 173 769; x_wconf 63' lang='lat' dir='ltr'><strong>gi</strong></span> <span class='ocrx_word' id='word_1_35' title='bbox 196 680 283 756; x_wconf 86' lang='lat' dir='ltr'><strong>libra,</strong></span> <span class='ocrx_word' id='word_1_36' title='bbox 306 681 415 740; x_wconf 83' lang='lat' dir='ltr'><strong>calcem</strong></span> <span class='ocrx_word' id='word_1_37' title='bbox 438 697 463 770; x_wconf 64' lang='lat' dir='ltr'><strong>g)</strong></span> <span class='ocrx_word' id='word_1_38' title='bbox 486 680 524 756; x_wconf 78' lang='lat' dir='ltr'><strong>b,</strong></span> <span class='ocrx_word' id='word_1_39' title='bbox 547 680 697 739; x_wconf 90' lang='lat' dir='ltr'><strong>cuminum</strong></span> <span class='ocrx_word' id='word_1_40' title='bbox 718 679 934 767; x_wconf 62' lang='lat' dir='ltr'><strong>gri«,piper1s</strong></span> <span class='ocrx_word' id='word_1_41' title='bbox 956 695 981 766; x_wconf 62' lang='lat' dir='ltr'><strong>gr</strong></span> <span class='ocrx_word' id='word_1_42' title='bbox 1009 683 1038 753; x_wconf 75' lang='lat'><strong>3,</strong></span> 
     </span>
     <span class='ocr_line' id='line_1_7' title="bbox 43 766 1039 859; baseline 0.002 -35"><span class='ocrx_word' id='word_1_43' title='bbox 43 785 132 828; x_wconf 88' lang='lat' dir='ltr'><strong>sucum</strong></span> <span class='ocrx_word' id='word_1_44' title='bbox 158 769 314 848; x_wconf 77' lang='lat' dir='ltr'><strong>aerugines</strong></span> <span class='ocrx_word' id='word_1_45' title='bbox 340 787 365 859; x_wconf 66' lang='lat' dir='ltr'><strong>gr</strong></span> <span class='ocrx_word' id='word_1_46' title='bbox 388 769 479 845; x_wconf 90' lang='lat' dir='ltr'><strong>libra,</strong></span> <span class='ocrx_word' id='word_1_47' title='bbox 510 769 649 845; x_wconf 88' lang='lat' dir='ltr'><strong>propolin</strong></span> <span class='ocrx_word' id='word_1_48' title='bbox 677 787 779 828; x_wconf 90' lang='lat' dir='ltr'><strong>sucum</strong></span> <span class='ocrx_word' id='word_1_49' title='bbox 805 783 830 855; x_wconf 61' lang='lat' dir='ltr'><strong>g)</strong></span> <span class='ocrx_word' id='word_1_50' title='bbox 852 781 888 842; x_wconf 73' lang='lat' dir='ltr'><strong>s,</strong></span> <span class='ocrx_word' id='word_1_51' title='bbox 916 766 1039 826; x_wconf 89' lang='lat' dir='ltr'><strong>herbam</strong></span> 
     </span>
     <span class='ocr_line' id='line_1_8' title="bbox 42 855 1040 937; baseline -0.001 -23"><span class='ocrx_word' id='word_1_52' title='bbox 42 857 191 917; x_wconf 84' lang='lat' dir='ltr'><strong>rodadafne</strong></span> <span class='ocrx_word' id='word_1_53' title='bbox 214 876 236 937; x_wconf 82' lang='lat' dir='ltr'>p</span> <span class='ocrx_word' id='word_1_54' title='bbox 259 858 345 934; x_wconf 85' lang='lat' dir='ltr'><strong>libra,</strong></span> <span class='ocrx_word' id='word_1_55' title='bbox 369 859 465 918; x_wconf 89' lang='lat' dir='ltr'><strong>cinere</strong></span> <span class='ocrx_word' id='word_1_56' title='bbox 489 879 525 917; x_wconf 87' lang='lat' dir='ltr'><strong>ex</strong></span> <span class='ocrx_word' id='word_1_57' title='bbox 546 857 645 918; x_wconf 80' lang='lat' dir='ltr'><strong>lexiva</strong></span> <span class='ocrx_word' id='word_1_58' title='bbox 668 857 747 932; x_wconf 88' lang='lat' dir='ltr'><strong>quod</strong></span> <span class='ocrx_word' id='word_1_59' title='bbox 771 856 844 916; x_wconf 82' lang='lat' dir='ltr'><strong>satis</strong></span> <span class='ocrx_word' id='word_1_60' title='bbox 862 855 962 914; x_wconf 86' lang='lat' dir='ltr'><strong>fuerit.</strong></span> <span class='ocrx_word' id='word_1_61' title='bbox 1003 875 1040 913; x_wconf 83' lang='lat' dir='ltr'><strong>ex</strong></span> 
     </span>
     <span class='ocr_line' id='line_1_9' title="bbox 42 946 583 1008; baseline 0.007 -6"><span class='ocrx_word' id='word_1_62' title='bbox 42 965 70 1003; x_wconf 84' lang='lat' dir='ltr'><strong>ex</strong></span> <span class='ocrx_word' id='word_1_63' title='bbox 89 967 122 1006; x_wconf 90' lang='lat' dir='ltr'><strong>eo</strong></span> <span class='ocrx_word' id='word_1_64' title='bbox 145 947 294 1006; x_wconf 89' lang='lat' dir='ltr'><strong>collirium</strong></span> <span class='ocrx_word' id='word_1_65' title='bbox 315 948 406 1008; x_wconf 86' lang='lat' dir='ltr'><strong>facies</strong></span> <span class='ocrx_word' id='word_1_66' title='bbox 429 950 461 1006; x_wconf 88' lang='lat' dir='ltr'><strong>et</strong></span> <span class='ocrx_word' id='word_1_67' title='bbox 482 946 583 1006; x_wconf 81' lang='lat' dir='ltr'><strong>uteris.</strong></span> 
     </span>
    </p>

    <p class='ocr_par' dir='ltr' id='par_1_5' title="bbox 13 1031 1113 1540">
     <span class='ocr_line' id='line_1_10' title="bbox 96 1031 1113 1122; baseline -0.007 -27"><span class='ocrx_word' id='word_1_68' title='bbox 96 1035 270 1112; x_wconf 78' lang='lat' dir='ltr'><strong>compositio</strong></span> <span class='ocrx_word' id='word_1_69' title='bbox 293 1036 401 1095; x_wconf 84' lang='lat' dir='ltr'><strong>collirii</strong></span> <span class='ocrx_word' id='word_1_70' title='bbox 423 1036 462 1094; x_wconf 80' lang='lat' dir='ltr'><strong>ad</strong></span> <span class='ocrx_word' id='word_1_71' title='bbox 484 1035 608 1095; x_wconf 82' lang='lat' dir='ltr'><strong>fistulas.</strong></span> <span class='ocrx_word' id='word_1_72' title='bbox 652 1033 730 1094; x_wconf 81' lang='lat' dir='ltr'><strong>aeris</strong></span> <span class='ocrx_word' id='word_1_73' title='bbox 752 1034 807 1093; x_wconf 88' lang='lat' dir='ltr'><strong>flos</strong></span> <span class='ocrx_word' id='word_1_74' title='bbox 828 1051 854 1122; x_wconf 62' lang='lat' dir='ltr'><strong>gs</strong></span> <span class='ocrx_word' id='word_1_75' title='bbox 873 1048 904 1112; x_wconf 70' lang='grc' dir='ltr'><strong>ξ,</strong></span> <span class='ocrx_word' id='word_1_76' title='bbox 927 1033 1037 1092; x_wconf 89' lang='lat' dir='ltr'><strong>cumini</strong></span> <span class='ocrx_word' id='word_1_77' title='bbox 1055 1031 1113 1089; x_wconf 83' lang='grc'><strong>991</strong></span> 
     </span>
     <span class='ocr_line' id='line_1_11' title="bbox 13 1124 729 1209; baseline -0.003 -27"><span class='ocrx_word' id='word_1_78' title='bbox 13 1139 60 1209; x_wconf 63' lang='lat' dir='ltr'><strong>rog)</strong></span> <span class='ocrx_word' id='word_1_79' title='bbox 80 1139 108 1204; x_wconf 70' lang='grc' dir='ltr'><strong>ξ,</strong></span> <span class='ocrx_word' id='word_1_80' title='bbox 129 1126 217 1184; x_wconf 88' lang='lat' dir='ltr'><strong>aloen</strong></span> <span class='ocrx_word' id='word_1_81' title='bbox 240 1143 262 1203; x_wconf 81' lang='lat' dir='ltr'>p</span> <span class='ocrx_word' id='word_1_82' title='bbox 286 1139 316 1205; x_wconf 71' lang='grc' dir='ltr'><strong>ξ,</strong></span> <span class='ocrx_word' id='word_1_83' title='bbox 339 1125 417 1185; x_wconf 79' lang='lat' dir='ltr'><strong>aceti</strong></span> <span class='ocrx_word' id='word_1_84' title='bbox 439 1125 500 1184; x_wconf 86' lang='lat' dir='ltr'><strong>acri</strong></span> <span class='ocrx_word' id='word_1_85' title='bbox 522 1143 577 1200; x_wconf 88' lang='lat' dir='ltr'><strong>pro</strong></span> <span class='ocrx_word' id='word_1_86' title='bbox 599 1124 729 1183; x_wconf 87' lang='lat' dir='ltr'><strong>modum.</strong></span> 
     </span>
     <span class='ocr_line' id='line_1_12' title="bbox 96 1208 1039 1299; baseline -0.005 -26"><span class='ocrx_word' id='word_1_87' title='bbox 96 1214 245 1273; x_wconf 85' lang='lat' dir='ltr'><strong>collirium</strong></span> <span class='ocrx_word' id='word_1_88' title='bbox 266 1213 438 1274; x_wconf 84' lang='lat' dir='ltr'><strong>fistularem.</strong></span> <span class='ocrx_word' id='word_1_89' title='bbox 483 1213 620 1273; x_wconf 73' lang='lat' dir='ltr'><strong>culcitam</strong></span> <span class='ocrx_word' id='word_1_90' title='bbox 642 1231 663 1292; x_wconf 80' lang='lat' dir='ltr'>p</span> <span class='ocrx_word' id='word_1_91' title='bbox 686 1212 710 1289; x_wconf 93' lang='lat' dir='ltr'><strong>I,</strong></span> <span class='ocrx_word' id='word_1_92' title='bbox 738 1212 835 1271; x_wconf 89' lang='lat' dir='ltr'><strong>nisum</strong></span> <span class='ocrx_word' id='word_1_93' title='bbox 856 1228 882 1299; x_wconf 62' lang='lat' dir='ltr'><strong>gr</strong></span> <span class='ocrx_word' id='word_1_94' title='bbox 905 1208 934 1286; x_wconf 78' lang='lat'><strong>3,</strong></span> <span class='ocrx_word' id='word_1_95' title='bbox 962 1210 1039 1269; x_wconf 83' lang='lat' dir='ltr'><strong>aeris</strong></span> 
     </span>
     <span class='ocr_line' id='line_1_13' title="bbox 41 1299 1039 1392; baseline 0 -35"><span class='ocrx_word' id='word_1_96' title='bbox 41 1299 85 1360; x_wconf 88' lang='lat' dir='ltr'><strong>flos</strong></span> <span class='ocrx_word' id='word_1_97' title='bbox 105 1320 131 1390; x_wconf 65' lang='lat' dir='ltr'><strong>g&gt;</strong></span> <span class='ocrx_word' id='word_1_98' title='bbox 154 1301 182 1380; x_wconf 90' lang='lat'><strong>1,</strong></span> <span class='ocrx_word' id='word_1_99' title='bbox 206 1303 378 1380; x_wconf 72' lang='lat' dir='ltr'><strong>aeruginem</strong></span> <span class='ocrx_word' id='word_1_100' title='bbox 399 1320 425 1392; x_wconf 64' lang='lat' dir='ltr'><strong>gs</strong></span> <span class='ocrx_word' id='word_1_101' title='bbox 447 1317 482 1380; x_wconf 72' lang='lat' dir='ltr'><strong>s,</strong></span> <span class='ocrx_word' id='word_1_102' title='bbox 504 1302 581 1361; x_wconf 74' lang='lat' dir='ltr'><strong>secla</strong></span> <span class='ocrx_word' id='word_1_103' title='bbox 603 1319 628 1390; x_wconf 66' lang='lat' dir='ltr'><strong>gr</strong></span> <span class='ocrx_word' id='word_1_104' title='bbox 650 1316 685 1376; x_wconf 72' lang='lat' dir='ltr'><strong>s,</strong></span> <span class='ocrx_word' id='word_1_105' title='bbox 709 1303 909 1359; x_wconf 74' lang='lat' dir='ltr'><strong>atramentum</strong></span> <span class='ocrx_word' id='word_1_106' title='bbox 932 1299 1039 1358; x_wconf 84' lang='lat' dir='ltr'><strong>sutori-</strong></span> 
     </span>
     <span class='ocr_line' id='line_1_14' title="bbox 41 1388 1040 1480; baseline 0.002 -35"><span class='ocrx_word' id='word_1_107' title='bbox 41 1390 109 1448; x_wconf 86' lang='lat' dir='ltr'><strong>oium</strong></span> <span class='ocrx_word' id='word_1_108' title='bbox 130 1409 156 1479; x_wconf 68' lang='lat' dir='ltr'><strong>gr</strong></span> <span class='ocrx_word' id='word_1_109' title='bbox 174 1406 209 1467; x_wconf 68' lang='lat'><strong>8,</strong></span> <span class='ocrx_word' id='word_1_110' title='bbox 232 1391 343 1452; x_wconf 88' lang='lat' dir='ltr'><strong>cumini</strong></span> <span class='ocrx_word' id='word_1_111' title='bbox 364 1409 389 1480; x_wconf 62' lang='lat' dir='ltr'><strong>gs</strong></span> <span class='ocrx_word' id='word_1_112' title='bbox 407 1406 443 1466; x_wconf 68' lang='lat' dir='ltr'><strong>s,</strong></span> <span class='ocrx_word' id='word_1_113' title='bbox 466 1410 566 1450; x_wconf 87' lang='lat' dir='ltr'><strong>semen</strong></span> <span class='ocrx_word' id='word_1_114' title='bbox 587 1390 713 1450; x_wconf 83' lang='lat' dir='ltr'><strong>hederae</strong></span> <span class='ocrx_word' id='word_1_115' title='bbox 735 1407 760 1478; x_wconf 67' lang='lat' dir='ltr'><strong>g)</strong></span> <span class='ocrx_word' id='word_1_116' title='bbox 781 1403 812 1463; x_wconf 75' lang='lat' dir='ltr'><strong>s.</strong></span> <span class='ocrx_word' id='word_1_117' title='bbox 844 1389 917 1448; x_wconf 88' lang='lat' dir='ltr'><strong>haec</strong></span> <span class='ocrx_word' id='word_1_118' title='bbox 940 1388 1040 1447; x_wconf 89' lang='lat' dir='ltr'><strong>omnia</strong></span> 
     </span>
     <span class='ocr_line' id='line_1_15' title="bbox 40 1479 668 1540; baseline 0.002 -5"><span class='ocrx_word' id='word_1_119' title='bbox 40 1481 158 1538; x_wconf 85' lang='lat' dir='ltr'><strong>conteris</strong></span> <span class='ocrx_word' id='word_1_120' title='bbox 180 1483 212 1539; x_wconf 86' lang='lat' dir='ltr'><strong>et</strong></span> <span class='ocrx_word' id='word_1_121' title='bbox 234 1500 269 1538; x_wconf 84' lang='lat' dir='ltr'><strong>ex</strong></span> <span class='ocrx_word' id='word_1_122' title='bbox 292 1483 376 1540; x_wconf 86' lang='lat' dir='ltr'><strong>aceto</strong></span> <span class='ocrx_word' id='word_1_123' title='bbox 399 1480 548 1540; x_wconf 87' lang='lat' dir='ltr'><strong>collirium</strong></span> <span class='ocrx_word' id='word_1_124' title='bbox 567 1479 668 1538; x_wconf 85' lang='lat' dir='ltr'><strong>facies.</strong></span> 
     </span>
    </p>

    <p class='ocr_par' dir='ltr' id='par_1_6' title="bbox 13 1565 1040 1895">
     <span class='ocr_line' id='line_1_16' title="bbox 13 1565 1039 1670; baseline -0.005 -42"><span class='ocrx_word' id='word_1_125' title='bbox 13 1587 31 1628; x_wconf 79' lang='lat' dir='ltr'><strong>a</strong></span> <span class='ocrx_word' id='word_1_126' title='bbox 96 1569 245 1628; x_wconf 79' lang='lat' dir='ltr'><strong>collirium</strong></span> <span class='ocrx_word' id='word_1_127' title='bbox 271 1568 404 1628; x_wconf 83' lang='lat' dir='ltr'><strong>fistulare</strong></span> <span class='ocrx_word' id='word_1_128' title='bbox 419 1613 426 1628; x_wconf 88' lang='lat'>.</span> <span class='ocrx_word' id='word_1_129' title='bbox 441 1587 491 1670; x_wconf 50' lang='grc' dir='ltr'><strong>,ἒ</strong></span> <span class='ocrx_word' id='word_1_130' title='bbox 513 1583 548 1644; x_wconf 75' lang='lat' dir='ltr'><strong>s,</strong></span> <span class='ocrx_word' id='word_1_131' title='bbox 577 1568 712 1627; x_wconf 87' lang='lat' dir='ltr'><strong>calcitem</strong></span> <span class='ocrx_word' id='word_1_132' title='bbox 734 1565 934 1642; x_wconf 85' lang='lat' dir='ltr'><strong>combustum,</strong></span> <span class='ocrx_word' id='word_1_133' title='bbox 960 1582 986 1653; x_wconf 61' lang='lat' dir='ltr'><strong>g)</strong></span> <span class='ocrx_word' id='word_1_134' title='bbox 1008 1580 1039 1641; x_wconf 68' lang='lat' dir='ltr'><strong>s,</strong></span> 
     </span>
     <span class='ocr_line' id='line_1_17' title="bbox 40 1655 1040 1746; baseline -0.001 -34"><span class='ocrx_word' id='word_1_135' title='bbox 40 1657 160 1716; x_wconf 84' lang='lat' dir='ltr'><strong>radicem</strong></span> <span class='ocrx_word' id='word_1_136' title='bbox 190 1658 303 1718; x_wconf 83' lang='lat' dir='ltr'><strong>veratri</strong></span> <span class='ocrx_word' id='word_1_137' title='bbox 334 1657 480 1717; x_wconf 86' lang='lat' dir='ltr'><strong>combusti</strong></span> <span class='ocrx_word' id='word_1_138' title='bbox 513 1656 584 1746; x_wconf 65' lang='lat' dir='ltr'><strong>ng.</strong></span> <span class='ocrx_word' id='word_1_139' title='bbox 631 1655 838 1730; x_wconf 86' lang='lat' dir='ltr'><strong>eonincoquies</strong></span> <span class='ocrx_word' id='word_1_140' title='bbox 868 1655 900 1712; x_wconf 94' lang='lat' dir='ltr'><strong>in</strong></span> <span class='ocrx_word' id='word_1_141' title='bbox 930 1671 1040 1730; x_wconf 87' lang='lat' dir='ltr'><strong>aquam</strong></span> 
     </span>
     <span class='ocr_line' id='line_1_18' title="bbox 40 1740 1036 1824; baseline 0 -22"><span class='ocrx_word' id='word_1_142' title='bbox 40 1746 163 1820; x_wconf 82' lang='lat' dir='ltr'><strong>tepidam</strong></span> <span class='ocrx_word' id='word_1_143' title='bbox 194 1750 225 1805; x_wconf 85' lang='lat' dir='ltr'><strong>et</strong></span> <span class='ocrx_word' id='word_1_144' title='bbox 254 1767 290 1806; x_wconf 85' lang='lat' dir='ltr'><strong>ex</strong></span> <span class='ocrx_word' id='word_1_145' title='bbox 320 1766 353 1806; x_wconf 89' lang='lat' dir='ltr'><strong>eo</strong></span> <span class='ocrx_word' id='word_1_146' title='bbox 387 1743 533 1824; x_wconf 90' lang='lat' dir='ltr'><strong>[omnium</strong></span> <span class='ocrx_word' id='word_1_147' title='bbox 561 1746 777 1804; x_wconf 84' lang='lat' dir='ltr'><strong>medicamenta</strong></span> <span class='ocrx_word' id='word_1_148' title='bbox 804 1744 878 1802; x_wconf 85' lang='lat' dir='ltr'><strong>trita</strong></span> <span class='ocrx_word' id='word_1_149' title='bbox 907 1740 1036 1819; x_wconf 87' lang='lat' dir='ltr'><strong>curabis]</strong></span> 
     </span>
     <span class='ocr_line' id='line_1_19' title="bbox 39 1835 300 1895; baseline 0.015 -5"><span class='ocrx_word' id='word_1_150' title='bbox 39 1835 177 1894; x_wconf 86' lang='lat' dir='ltr'><strong>collirium</strong></span> <span class='ocrx_word' id='word_1_151' title='bbox 200 1835 300 1895; x_wconf 87' lang='lat' dir='ltr'><strong>facies.</strong></span> 
     </span>
    </p>

    <p class='ocr_par' dir='ltr' id='par_1_7' title="bbox 11 1919 1113 2249">
     <span class='ocr_line' id='line_1_20' title="bbox 95 1919 1113 2010; baseline -0.007 -28"><span class='ocrx_word' id='word_1_152' title='bbox 95 1924 244 1982; x_wconf 83' lang='lat' dir='ltr'><strong>collirium</strong></span> <span class='ocrx_word' id='word_1_153' title='bbox 272 1924 310 1982; x_wconf 92' lang='lat' dir='ltr'><strong>ad</strong></span> <span class='ocrx_word' id='word_1_154' title='bbox 337 1923 536 2001; x_wconf 87' lang='lat' dir='ltr'><strong>cartilagines.</strong></span> <span class='ocrx_word' id='word_1_155' title='bbox 582 1923 668 1982; x_wconf 88' lang='lat' dir='ltr'><strong>aloen</strong></span> <span class='ocrx_word' id='word_1_156' title='bbox 695 1939 720 2010; x_wconf 62' lang='lat' dir='ltr'><strong>g)</strong></span> <span class='ocrx_word' id='word_1_157' title='bbox 743 1922 771 1998; x_wconf 91' lang='lat' dir='ltr'><strong>I,</strong></span> <span class='ocrx_word' id='word_1_158' title='bbox 798 1920 939 1998; x_wconf 77' lang='lat' dir='ltr'><strong>aerugine</strong></span> <span class='ocrx_word' id='word_1_159' title='bbox 965 1937 990 2009; x_wconf 59' lang='lat' dir='ltr'><strong>gr</strong></span> <span class='ocrx_word' id='word_1_160' title='bbox 1013 1920 1037 1995; x_wconf 93' lang='grc' dir='ltr'><strong>Ι,</strong></span> <span class='ocrx_word' id='word_1_161' title='bbox 1055 1919 1113 1976; x_wconf 80' lang='grc'><strong>999</strong></span> 
     </span>
     <span class='ocr_line' id='line_1_21' title="bbox 11 2004 1040 2102; baseline -0.004 -30"><span class='ocrx_word' id='word_1_162' title='bbox 11 2013 243 2090; x_wconf 82' lang='lat' dir='ltr'><strong>aamipigmenti</strong></span> <span class='ocrx_word' id='word_1_163' title='bbox 264 2031 289 2102; x_wconf 63' lang='lat' dir='ltr'><strong>gr</strong></span> <span class='ocrx_word' id='word_1_164' title='bbox 312 2013 341 2088; x_wconf 93' lang='grc' dir='ltr'><strong>Ι,</strong></span> <span class='ocrx_word' id='word_1_165' title='bbox 368 2013 481 2091; x_wconf 86' lang='lat' dir='ltr'><strong>gummi</strong></span> <span class='ocrx_word' id='word_1_166' title='bbox 503 2013 540 2070; x_wconf 86' lang='lat' dir='ltr'><strong>de</strong></span> <span class='ocrx_word' id='word_1_167' title='bbox 563 2011 676 2071; x_wconf 86' lang='lat' dir='ltr'><strong>cerasia</strong></span> <span class='ocrx_word' id='word_1_168' title='bbox 697 2027 722 2100; x_wconf 63' lang='lat' dir='ltr'><strong>g)</strong></span> <span class='ocrx_word' id='word_1_169' title='bbox 746 2011 776 2076; x_wconf 82' lang='grc'><strong>5.</strong></span> <span class='ocrx_word' id='word_1_170' title='bbox 820 2011 852 2068; x_wconf 87' lang='lat' dir='ltr'><strong>in</strong></span> <span class='ocrx_word' id='word_1_171' title='bbox 874 2004 968 2089; x_wconf 88' lang='lat' dir='ltr'><strong>†quo</strong></span> <span class='ocrx_word' id='word_1_172' title='bbox 995 2009 1040 2068; x_wconf 89' lang='lat' dir='ltr'><strong>in-</strong></span> 
     </span>
     <span class='ocr_line' id='line_1_22' title="bbox 39 2099 1040 2177; baseline -0.002 -18"><span class='ocrx_word' id='word_1_173' title='bbox 39 2100 142 2176; x_wconf 81' lang='lat' dir='ltr'><strong>fundis,</strong></span> <span class='ocrx_word' id='word_1_174' title='bbox 170 2103 239 2177; x_wconf 86' lang='lat' dir='ltr'><strong>post</strong></span> <span class='ocrx_word' id='word_1_175' title='bbox 265 2102 398 2161; x_wconf 86' lang='lat' dir='ltr'><strong>triduum</strong></span> <span class='ocrx_word' id='word_1_176' title='bbox 424 2102 456 2160; x_wconf 91' lang='lat' dir='ltr'><strong>in</strong></span> <span class='ocrx_word' id='word_1_177' title='bbox 482 2121 575 2160; x_wconf 86' lang='lat' dir='ltr'><strong>unum</strong></span> <span class='ocrx_word' id='word_1_178' title='bbox 603 2101 773 2160; x_wconf 82' lang='lat' dir='ltr'><strong>commisces</strong></span> <span class='ocrx_word' id='word_1_179' title='bbox 803 2102 834 2158; x_wconf 88' lang='lat' dir='ltr'><strong>et</strong></span> <span class='ocrx_word' id='word_1_180' title='bbox 860 2099 951 2158; x_wconf 84' lang='lat' dir='ltr'><strong>facies</strong></span> <span class='ocrx_word' id='word_1_181' title='bbox 982 2100 1040 2159; x_wconf 93' lang='lat' dir='ltr'><strong>col·</strong></span> 
     </span>
     <span class='ocr_line' id='line_1_23' title="bbox 38 2188 139 2249; baseline 0.01 -1"><span class='ocrx_word' id='word_1_182' title='bbox 38 2188 139 2249; x_wconf 84' lang='lat' dir='ltr'><strong>lirinm.</strong></span> 
     </span>
    </p>

    <p class='ocr_par' dir='ltr' id='par_1_8' title="bbox 95 2277 1040 2340">
     <span class='ocr_line' id='line_1_24' title="bbox 95 2277 1040 2340; baseline -0.003 -2"><span class='ocrx_word' id='word_1_183' title='bbox 95 2279 245 2340; x_wconf 85' lang='lat' dir='ltr'><strong>collirium</strong></span> <span class='ocrx_word' id='word_1_184' title='bbox 271 2278 447 2338; x_wconf 83' lang='lat' dir='ltr'><strong>fistrrlarurn.</strong></span> <span class='ocrx_word' id='word_1_185' title='bbox 491 2279 583 2338; x_wconf 83' lang='lat' dir='ltr'><strong>faciet</strong></span> <span class='ocrx_word' id='word_1_186' title='bbox 609 2296 695 2336; x_wconf 90' lang='lat' dir='ltr'><strong>usum</strong></span> <span class='ocrx_word' id='word_1_187' title='bbox 725 2277 859 2336; x_wconf 89' lang='lat' dir='ltr'><strong>bitumen</strong></span> <span class='ocrx_word' id='word_1_188' title='bbox 886 2277 1040 2336; x_wconf 86' lang='lat' dir='ltr'><strong>Iudaicum</strong></span> 
     </span>
    </p>

    <p class='ocr_par' dir='ltr' id='par_1_9' title="bbox 37 2364 1040 2456">
     <span class='ocr_line' id='line_1_25' title="bbox 37 2364 1040 2456; baseline -0.003 -30"><span class='ocrx_word' id='word_1_189' title='bbox 37 2383 57 2452; x_wconf 59' lang='lat' dir='ltr'><strong>g)</strong></span> <span class='ocrx_word' id='word_1_190' title='bbox 81 2367 110 2445; x_wconf 73' lang='lat'><strong>5,</strong></span> <span class='ocrx_word' id='word_1_191' title='bbox 139 2386 332 2444; x_wconf 89' lang='lat' dir='ltr'><strong>oppoponace</strong></span> <span class='ocrx_word' id='word_1_192' title='bbox 358 2385 383 2456; x_wconf 65' lang='lat' dir='ltr'><strong>gr</strong></span> <span class='ocrx_word' id='word_1_193' title='bbox 407 2368 441 2443; x_wconf 84' lang='grc'><strong>5,</strong></span> <span class='ocrx_word' id='word_1_194' title='bbox 469 2367 545 2426; x_wconf 80' lang='lat' dir='ltr'><strong>secla</strong></span> <span class='ocrx_word' id='word_1_195' title='bbox 569 2365 670 2442; x_wconf 87' lang='lat' dir='ltr'><strong>Spana</strong></span> <span class='ocrx_word' id='word_1_196' title='bbox 695 2383 720 2454; x_wconf 61' lang='lat' dir='ltr'><strong>g)</strong></span> <span class='ocrx_word' id='word_1_197' title='bbox 744 2365 771 2442; x_wconf 92' lang='lat' dir='ltr'><strong>I,</strong></span> <span class='ocrx_word' id='word_1_198' title='bbox 797 2365 869 2424; x_wconf 91' lang='lat' dir='ltr'><strong>nitri</strong></span> <span class='ocrx_word' id='word_1_199' title='bbox 891 2365 946 2424; x_wconf 90' lang='lat' dir='ltr'><strong>flos</strong></span> <span class='ocrx_word' id='word_1_200' title='bbox 967 2382 992 2452; x_wconf 62' lang='lat' dir='ltr'><strong>g</strong></span> <span class='ocrx_word' id='word_1_201' title='bbox 1015 2364 1040 2440; x_wconf 94' lang='grc' dir='ltr'><strong>Ι,</strong></span> 
     </span>
    </p>

    <p class='ocr_par' dir='ltr' id='par_1_10' title="bbox 10 2453 1163 2646">
     <span class='ocr_line' id='line_1_26' title="bbox 10 2453 1040 2544; baseline -0.002 -30"><span class='ocrx_word' id='word_1_202' title='bbox 10 2456 122 2516; x_wconf 83' lang='lat' dir='ltr'><strong>asalem</strong></span> <span class='ocrx_word' id='word_1_203' title='bbox 150 2456 368 2515; x_wconf 86' lang='lat' dir='ltr'><strong>ammoniacum</strong></span> <span class='ocrx_word' id='word_1_204' title='bbox 393 2473 419 2544; x_wconf 61' lang='lat' dir='ltr'><strong>g)</strong></span> <span class='ocrx_word' id='word_1_205' title='bbox 442 2456 470 2532; x_wconf 91' lang='lat' dir='ltr'><strong>I,</strong></span> <span class='ocrx_word' id='word_1_206' title='bbox 498 2458 610 2515; x_wconf 87' lang='lat' dir='ltr'><strong>stercus</strong></span> <span class='ocrx_word' id='word_1_207' title='bbox 636 2455 838 2514; x_wconf 85' lang='lat' dir='ltr'><strong>columbinum</strong></span> <span class='ocrx_word' id='word_1_208' title='bbox 864 2471 889 2542; x_wconf 64' lang='lat' dir='ltr'><strong>gr</strong></span> <span class='ocrx_word' id='word_1_209' title='bbox 913 2453 941 2529; x_wconf 93' lang='grc' dir='ltr'><strong>Ι,</strong></span> <span class='ocrx_word' id='word_1_210' title='bbox 969 2453 1040 2512; x_wconf 86' lang='lat' dir='ltr'><strong>salis</strong></span> 
     </span>
     <span class='ocr_line' id='line_1_27' title="bbox 39 2540 1163 2646; baseline -0.002 -46"><span class='ocrx_word' id='word_1_211' title='bbox 39 2546 158 2604; x_wconf 83' lang='lat' dir='ltr'><strong>nostrati</strong></span> <span class='ocrx_word' id='word_1_212' title='bbox 181 2563 206 2646; x_wconf 51' lang='grc' dir='ltr'><strong>ᾧ)</strong></span> <span class='ocrx_word' id='word_1_213' title='bbox 229 2545 315 2604; x_wconf 89' lang='lat' dir='ltr'><strong>libra.</strong></span> <span class='ocrx_word' id='word_1_214' title='bbox 336 2541 340 2620; x_wconf 95' lang='grc' dir='ltr'>Ι</span> <span class='ocrx_word' id='word_1_215' title='bbox 1064 2540 1163 2599; x_wconf 73' lang='lat' dir='ltr'><strong>156²b</strong></span> 
     </span>
    </p>

    <p class='ocr_par' dir='ltr' id='par_1_11' title="bbox 38 2627 1114 2812">
     <span class='ocr_line' id='line_1_28' title="bbox 96 2627 1114 2719; baseline -0.009 -26"><span class='ocrx_word' id='word_1_216' title='bbox 96 2635 246 2694; x_wconf 85' lang='lat' dir='ltr'><strong>collinum</strong></span> <span class='ocrx_word' id='word_1_217' title='bbox 276 2633 452 2693; x_wconf 75' lang='lat' dir='ltr'><strong>fistularum.</strong></span> <span class='ocrx_word' id='word_1_218' title='bbox 506 2633 643 2691; x_wconf 86' lang='lat' dir='ltr'><strong>ealcitem</strong></span> <span class='ocrx_word' id='word_1_219' title='bbox 674 2634 791 2691; x_wconf 87' lang='lat' dir='ltr'><strong>coctum</strong></span> <span class='ocrx_word' id='word_1_220' title='bbox 821 2648 846 2719; x_wconf 61' lang='lat' dir='ltr'><strong>g)</strong></span> <span class='ocrx_word' id='word_1_221' title='bbox 878 2629 906 2704; x_wconf 92' lang='lat' dir='ltr'><strong>I,</strong></span> <span class='ocrx_word' id='word_1_222' title='bbox 940 2629 1038 2688; x_wconf 90' lang='lat' dir='ltr'><strong>nisum</strong></span> <span class='ocrx_word' id='word_1_223' title='bbox 1056 2627 1114 2684; x_wconf 79' lang='grc'><strong>999</strong></span> 
     </span>
     <span class='ocr_line' id='line_1_29' title="bbox 38 2718 1040 2812; baseline -0.002 -34"><span class='ocrx_word' id='word_1_224' title='bbox 38 2726 147 2782; x_wconf 90' lang='lat' dir='ltr'><strong>coctum</strong></span> <span class='ocrx_word' id='word_1_225' title='bbox 169 2741 194 2812; x_wconf 66' lang='lat' dir='ltr'><strong>gr</strong></span> <span class='ocrx_word' id='word_1_226' title='bbox 218 2722 242 2796; x_wconf 93' lang='lat' dir='ltr'><strong>I,</strong></span> <span class='ocrx_word' id='word_1_227' title='bbox 265 2722 438 2800; x_wconf 84' lang='lat' dir='ltr'><strong>aeruginem</strong></span> <span class='ocrx_word' id='word_1_228' title='bbox 460 2724 576 2781; x_wconf 83' lang='lat' dir='ltr'><strong>coctum</strong></span> <span class='ocrx_word' id='word_1_229' title='bbox 598 2739 623 2810; x_wconf 59' lang='lat' dir='ltr'>P</span> <span class='ocrx_word' id='word_1_230' title='bbox 649 2721 677 2796; x_wconf 79' lang='lat'><strong>3,</strong></span> <span class='ocrx_word' id='word_1_231' title='bbox 700 2721 777 2780; x_wconf 80' lang='lat' dir='ltr'><strong>secla</strong></span> <span class='ocrx_word' id='word_1_232' title='bbox 798 2737 823 2808; x_wconf 61' lang='lat' dir='ltr'><strong>g)</strong></span> <span class='ocrx_word' id='word_1_233' title='bbox 847 2725 876 2794; x_wconf 80' lang='lat'><strong>3,</strong></span> <span class='ocrx_word' id='word_1_234' title='bbox 899 2718 1040 2778; x_wconf 87' lang='lat' dir='ltr'><strong>lonoitem</strong></span> 
     </span>
    </p>

    <p class='ocr_par' dir='ltr' id='par_1_12' title="bbox 37 2807 1038 2898">
     <span class='ocr_line' id='line_1_30' title="bbox 37 2807 1038 2898; baseline -0.008 -26"><span class='ocrx_word' id='word_1_235' title='bbox 37 2813 107 2896; x_wconf 62' lang='grc' dir='ltr'><strong>ρό,</strong></span> <span class='ocrx_word' id='word_1_236' title='bbox 129 2807 291 2890; x_wconf 83' lang='lat' dir='ltr'><strong>†oalacani</strong></span> <span class='ocrx_word' id='word_1_237' title='bbox 313 2810 466 2871; x_wconf 84' lang='lat' dir='ltr'><strong>fossicium</strong></span> <span class='ocrx_word' id='word_1_238' title='bbox 494 2828 519 2898; x_wconf 62' lang='lat' dir='ltr'><strong>gr</strong></span> <span class='ocrx_word' id='word_1_239' title='bbox 543 2810 575 2888; x_wconf 79' lang='lat'><strong>3,</strong></span> <span class='ocrx_word' id='word_1_240' title='bbox 603 2810 717 2888; x_wconf 88' lang='lat' dir='ltr'><strong>gummi</strong></span> <span class='ocrx_word' id='word_1_241' title='bbox 745 2809 780 2868; x_wconf 87' lang='lat' dir='ltr'><strong>de</strong></span> <span class='ocrx_word' id='word_1_242' title='bbox 807 2808 917 2866; x_wconf 88' lang='lat' dir='ltr'><strong>hedera</strong></span> <span class='ocrx_word' id='word_1_243' title='bbox 938 2824 963 2895; x_wconf 64' lang='lat' dir='ltr'><strong>gi</strong></span> <span class='ocrx_word' id='word_1_244' title='bbox 986 2818 1038 2867; x_wconf 81' lang='lat'><strong>÷.</strong></span> 
     </span>
    </p>

    <p class='ocr_par' dir='ltr' id='par_1_13' title="bbox 8 2897 862 2960">
     <span class='ocr_line' id='line_1_31' title="bbox 8 2897 862 2960; baseline -0.005 -2"><span class='ocrx_word' id='word_1_245' title='bbox 8 2899 104 2959; x_wconf 86' lang='lat' dir='ltr'><strong>ahaee</strong></span> <span class='ocrx_word' id='word_1_246' title='bbox 127 2901 227 2960; x_wconf 91' lang='lat' dir='ltr'><strong>omnia</strong></span> <span class='ocrx_word' id='word_1_247' title='bbox 250 2903 382 2959; x_wconf 88' lang='lat' dir='ltr'><strong>conteres</strong></span> <span class='ocrx_word' id='word_1_248' title='bbox 406 2901 436 2958; x_wconf 85' lang='lat' dir='ltr'><strong>et</strong></span> <span class='ocrx_word' id='word_1_249' title='bbox 459 2918 494 2958; x_wconf 84' lang='lat' dir='ltr'><strong>ex</strong></span> <span class='ocrx_word' id='word_1_250' title='bbox 517 2902 601 2958; x_wconf 87' lang='lat' dir='ltr'><strong>aceto</strong></span> <span class='ocrx_word' id='word_1_251' title='bbox 625 2898 741 2957; x_wconf 87' lang='lat' dir='ltr'><strong>colliria</strong></span> <span class='ocrx_word' id='word_1_252' title='bbox 763 2897 862 2956; x_wconf 86' lang='lat' dir='ltr'><strong>facies.</strong></span> 
     </span>
    </p>

    <p class='ocr_par' dir='ltr' id='par_1_14' title="bbox 36 2983 1040 3252">
     <span class='ocr_line' id='line_1_32' title="bbox 98 2983 959 3065; baseline -0.007 -17"><span class='ocrx_word' id='word_1_253' title='bbox 98 2989 248 3049; x_wconf 89' lang='lat' dir='ltr'><strong>collirium</strong></span> <span class='ocrx_word' id='word_1_254' title='bbox 269 2988 441 3048; x_wconf 85' lang='lat' dir='ltr'><strong>fistularem.</strong></span> <span class='ocrx_word' id='word_1_255' title='bbox 484 2988 560 3046; x_wconf 88' lang='lat' dir='ltr'><strong>aeris</strong></span> <span class='ocrx_word' id='word_1_256' title='bbox 582 2987 645 3065; x_wconf 88' lang='lat' dir='ltr'><strong>flos,</strong></span> <span class='ocrx_word' id='word_1_257' title='bbox 668 3006 704 3045; x_wconf 87' lang='lat' dir='ltr'><strong>ex</strong></span> <span class='ocrx_word' id='word_1_258' title='bbox 726 2990 810 3044; x_wconf 89' lang='lat' dir='ltr'><strong>aceto</strong></span> <span class='ocrx_word' id='word_1_259' title='bbox 834 2983 959 3045; x_wconf 89' lang='lat' dir='ltr'><strong>curabis.</strong></span> 
     </span>
     <span class='ocr_line' id='line_1_33' title="bbox 96 3072 1040 3164; baseline -0.008 -26"><span class='ocrx_word' id='word_1_260' title='bbox 96 3078 246 3138; x_wconf 88' lang='lat' dir='ltr'><strong>collirium</strong></span> <span class='ocrx_word' id='word_1_261' title='bbox 267 3077 439 3136; x_wconf 87' lang='lat' dir='ltr'><strong>fistularem.</strong></span> <span class='ocrx_word' id='word_1_262' title='bbox 485 3077 562 3136; x_wconf 87' lang='lat' dir='ltr'><strong>aeris</strong></span> <span class='ocrx_word' id='word_1_263' title='bbox 584 3076 638 3134; x_wconf 88' lang='lat' dir='ltr'><strong>flos</strong></span> <span class='ocrx_word' id='word_1_264' title='bbox 661 3093 685 3164; x_wconf 56' lang='lat' dir='ltr'><strong>gr</strong></span> <span class='ocrx_word' id='word_1_265' title='bbox 704 3075 728 3149; x_wconf 86' lang='lat' dir='ltr'><strong>I,</strong></span> <span class='ocrx_word' id='word_1_266' title='bbox 750 3075 827 3134; x_wconf 80' lang='lat' dir='ltr'><strong>isola</strong></span> <span class='ocrx_word' id='word_1_267' title='bbox 849 3091 874 3162; x_wconf 61' lang='lat' dir='ltr'><strong>g</strong></span> <span class='ocrx_word' id='word_1_268' title='bbox 894 3073 923 3150; x_wconf 82' lang='lat'><strong>3,</strong></span> <span class='ocrx_word' id='word_1_269' title='bbox 942 3072 1040 3131; x_wconf 88' lang='lat' dir='ltr'><strong>nisum</strong></span> 
     </span>
     <span class='ocr_line' id='line_1_34' title="bbox 36 3163 776 3252; baseline -0.007 -27"><span class='ocrx_word' id='word_1_270' title='bbox 36 3167 101 3252; x_wconf 53' lang='lat'><strong>31,</strong></span> <span class='ocrx_word' id='word_1_271' title='bbox 123 3188 160 3228; x_wconf 87' lang='lat' dir='ltr'><strong>ex</strong></span> <span class='ocrx_word' id='word_1_272' title='bbox 183 3168 268 3226; x_wconf 87' lang='lat' dir='ltr'><strong>aceto</strong></span> <span class='ocrx_word' id='word_1_273' title='bbox 292 3184 360 3226; x_wconf 86' lang='lat' dir='ltr'><strong>acro</strong></span> <span class='ocrx_word' id='word_1_274' title='bbox 383 3166 483 3242; x_wconf 82' lang='lat' dir='ltr'><strong>terito,</strong></span> <span class='ocrx_word' id='word_1_275' title='bbox 506 3165 654 3224; x_wconf 86' lang='lat' dir='ltr'><strong>collirium</strong></span> <span class='ocrx_word' id='word_1_276' title='bbox 676 3163 776 3222; x_wconf 82' lang='lat' dir='ltr'><strong>facito.</strong></span> 
     </span>
    </p>
   </div>
   <div class='ocr_carea' id='block_1_3' title="bbox 36 3311 1041 3606">
    <p class='ocr_par' dir='ltr' id='par_1_15' title="bbox 36 3311 1041 3606">
     <span class='ocr_line' id='line_1_35' title="bbox 100 3311 1040 3388; baseline -0.01 -14"><span class='ocrx_word' id='word_1_277' title='bbox 100 3326 116 3373; x_wconf 82' lang='grc'>6</span> <span class='ocrx_word' id='word_1_278' title='bbox 136 3318 266 3388; x_wconf 87' lang='lat' dir='ltr'><strong>erugines</strong></span> <span class='ocrx_word' id='word_1_279' title='bbox 280 3320 290 3387; x_wconf 69' lang='lat' dir='ltr'>u</span> <span class='ocrx_word' id='word_1_280' title='bbox 313 3322 327 3370; x_wconf 76' lang='lat'>7</span> <span class='ocrx_word' id='word_1_281' title='bbox 346 3335 365 3388; x_wconf 78' lang='lat' dir='ltr'>p</span> <span class='ocrx_word' id='word_1_282' title='bbox 384 3315 539 3371; x_wconf 73' lang='lat' dir='ltr'><strong>sodadafne</strong></span> <span class='ocrx_word' id='word_1_283' title='bbox 557 3315 643 3370; x_wconf 87' lang='lat' dir='ltr'><strong>libra:</strong></span> <span class='ocrx_word' id='word_1_284' title='bbox 671 3315 830 3382; x_wconf 75' lang='lat' dir='ltr'><strong>transposui</strong></span> <span class='ocrx_word' id='word_1_285' title='bbox 842 3316 852 3383; x_wconf 83' lang='grc' dir='ltr'><strong>ΙΙ</strong></span> <span class='ocrx_word' id='word_1_286' title='bbox 876 3318 908 3367; x_wconf 85' lang='grc'><strong>13</strong></span> <span class='ocrx_word' id='word_1_287' title='bbox 929 3312 1012 3366; x_wconf 87' lang='lat' dir='ltr'><strong>edere</strong></span> <span class='ocrx_word' id='word_1_288' title='bbox 1030 3311 1040 3384; x_wconf 74' lang='grc'><strong>11</strong></span> 
     </span>
     <span class='ocr_line' id='line_1_36' title="bbox 38 3383 1039 3463; baseline -0.005 -22"><span class='ocrx_word' id='word_1_289' title='bbox 38 3395 66 3444; x_wconf 81' lang='lat'><strong>15</strong></span> <span class='ocrx_word' id='word_1_290' title='bbox 83 3393 113 3445; x_wconf 79' lang='lat' dir='ltr'><strong>in</strong></span> <span class='ocrx_word' id='word_1_291' title='bbox 132 3393 236 3445; x_wconf 69' lang='lat' dir='ltr'><strong>toarno</strong></span> <span class='ocrx_word' id='word_1_292' title='bbox 255 3387 315 3463; x_wconf 62' lang='lat' dir='ltr'><strong>iura</strong></span> <span class='ocrx_word' id='word_1_293' title='bbox 325 3389 373 3454; x_wconf 84' lang='lat' dir='ltr'><strong>sic,</strong></span> <span class='ocrx_word' id='word_1_294' title='bbox 385 3389 420 3456; x_wconf 77' lang='lat' dir='ltr'><strong>cs.</strong></span> <span class='ocrx_word' id='word_1_295' title='bbox 432 3405 462 3458; x_wconf 83' lang='lat' dir='ltr'><strong>p.</strong></span> <span class='ocrx_word' id='word_1_296' title='bbox 476 3392 570 3454; x_wconf 80' lang='lat'>281,6</span> <span class='ocrx_word' id='word_1_297' title='bbox 583 3389 592 3456; x_wconf 85' lang='grc' dir='ltr'><strong>ΙΙ</strong></span> <span class='ocrx_word' id='word_1_298' title='bbox 607 3391 640 3439; x_wconf 83' lang='grc'><strong>16</strong></span> <span class='ocrx_word' id='word_1_299' title='bbox 654 3401 750 3439; x_wconf 84' lang='lat' dir='ltr'><strong>veram</strong></span> <span class='ocrx_word' id='word_1_300' title='bbox 763 3383 952 3439; x_wconf 81' lang='lat' dir='ltr'><strong>tricombusti:</strong></span> <span class='ocrx_word' id='word_1_301' title='bbox 971 3399 1039 3438; x_wconf 80' lang='lat' dir='ltr'><strong>cerr.</strong></span> 
     </span>
     <span class='ocr_line' id='line_1_37' title="bbox 36 3454 1040 3528; baseline -0.005 -15"><span class='ocrx_word' id='word_1_302' title='bbox 36 3459 274 3517; x_wconf 70' lang='lat' dir='ltr'><strong>Biconincociesz</strong></span> <span class='ocrx_word' id='word_1_303' title='bbox 288 3477 352 3514; x_wconf 89' lang='lat' dir='ltr'><strong>cum</strong></span> <span class='ocrx_word' id='word_1_304' title='bbox 364 3458 430 3513; x_wconf 84' lang='lat' dir='ltr'><strong>vino</strong></span> <span class='ocrx_word' id='word_1_305' title='bbox 445 3475 547 3528; x_wconf 84' lang='lat' dir='ltr'><strong>coques</strong></span> <span class='ocrx_word' id='word_1_306' title='bbox 557 3459 585 3512; x_wconf 93' lang='lat' dir='ltr'><strong><em>B</em></strong></span> <span class='ocrx_word' id='word_1_307' title='bbox 594 3458 604 3528; x_wconf 68' lang='lat' dir='ltr'><strong>tt</strong></span> <span class='ocrx_word' id='word_1_308' title='bbox 613 3463 648 3511; x_wconf 82' lang='lat'><strong>20</strong></span> <span class='ocrx_word' id='word_1_309' title='bbox 662 3461 760 3510; x_wconf 83' lang='lat' dir='ltr'><strong>aceto?</strong></span> <span class='ocrx_word' id='word_1_310' title='bbox 769 3456 779 3528; x_wconf 65' lang='lat' dir='ltr'>ss</span> <span class='ocrx_word' id='word_1_311' title='bbox 793 3461 826 3510; x_wconf 79' lang='lat'><strong>23</strong></span> <span class='ocrx_word' id='word_1_312' title='bbox 840 3455 911 3510; x_wconf 87' lang='lat' dir='ltr'><strong>facit</strong></span> <span class='ocrx_word' id='word_1_313' title='bbox 924 3454 961 3509; x_wconf 87' lang='lat' dir='ltr'><strong>ad</strong></span> <span class='ocrx_word' id='word_1_314' title='bbox 975 3469 1040 3510; x_wconf 88' lang='lat' dir='ltr'><strong>con-</strong></span> 
     </span>
     <span class='ocr_line' id='line_1_38' title="bbox 36 3525 1041 3606; baseline -0.007 -20"><span class='ocrx_word' id='word_1_315' title='bbox 36 3533 159 3588; x_wconf 83' lang='lat' dir='ltr'><strong>tusumB</strong></span> <span class='ocrx_word' id='word_1_316' title='bbox 167 3533 177 3606; x_wconf 64' lang='lat' dir='ltr'><strong>ti</strong></span> <span class='ocrx_word' id='word_1_317' title='bbox 186 3536 221 3585; x_wconf 73' lang='grc'><strong>99</strong></span> <span class='ocrx_word' id='word_1_318' title='bbox 231 3530 403 3586; x_wconf 81' lang='lat' dir='ltr'><strong>lencitem==</strong></span> <span class='ocrx_word' id='word_1_319' title='bbox 411 3529 539 3601; x_wconf 74' lang='grc' dir='ltr'><strong>λογχίτην</strong></span> <span class='ocrx_word' id='word_1_320' title='bbox 547 3529 557 3601; x_wconf 77' lang='grc' dir='ltr'><em>Η</em></span> <span class='ocrx_word' id='word_1_321' title='bbox 567 3535 601 3582; x_wconf 76' lang='lat'><strong>29</strong></span> <span class='ocrx_word' id='word_1_322' title='bbox 611 3527 780 3584; x_wconf 84' lang='lat' dir='ltr'><strong>calcarium?</strong></span> <span class='ocrx_word' id='word_1_323' title='bbox 793 3527 797 3600; x_wconf 86' lang='grc' dir='ltr'>Ι</span> <span class='ocrx_word' id='word_1_324' title='bbox 808 3526 947 3582; x_wconf 67' lang='lat' dir='ltr'><strong>scentiam</strong></span> <span class='ocrx_word' id='word_1_325' title='bbox 957 3525 1041 3581; x_wconf 89' lang='lat' dir='ltr'><strong>edera</strong></span> 
     </span>
    </p>
   </div>
   <div class='ocr_carea' id='block_1_4' title="bbox 0 0 1257 3906">
    <p class='ocr_par' dir='ltr' id='par_1_16' title="bbox 0 0 1257 3906">
     <span class='ocr_line' id='line_1_39' title="bbox 0 0 1257 3906; baseline 0 0"><span class='ocrx_word' id='word_1_326' title='bbox 0 0 1257 3906; x_wconf 95' lang='lat' dir='ltr'><strong> </strong></span> 
     </span>
    </p>
   </div>
  </div>
 </body>
</html>
