2474 3910
199 148 478 203 nuncuparem
497 147 666 203 cfflRONIS
686 155 825 204 ses-eac
949 151 1011 214 211

32 296 170 356 ancistrum
202 301 232 356 et
261 299 485 374 pnlmunculum
515 300 615 356 teneto
654 301 683 356 et
715 299 826 376 sagitta
858 301 889 357 in
916 301 1011 376 primo

32 385 165 445 decamato
193 387 317 446 eundem
345 406 432 462 super
459 387 588 462 spinam,
611 390 641 445 et
667 389 750 445 aceto
783 389 813 444 et
840 389 904 447 oleo
933 390 1012 448 dela·

31 477 82 532 vate
117 478 146 532 et
183 477 310 552 elibera,
353 476 457 534 deinde
497 476 628 534 immisso
671 476 850 534 sarcolabide
893 479 1012 553 prendis

30 565 50 619 et
78 562 245 623 decarnabis
281 585 348 622 eum
379 565 610 640 pulmunculum.
661 583 719 640 quo
756 564 927 624 decarnabis
959 587 1012 642 per

19 657 145 728 lunasque
179 654 286 731 plagas
325 655 355 711 et
391 653 549 730 diligenter
586 653 700 711 auferes
737 653 862 727 desuper
896 655 1011 729 spinam

29 741 49 796 et
70 759 85 796 a
110 745 207 800 cutem
238 743 305 817 ipsa
332 742 437 818 libera,
471 742 521 800 sed
553 762 620 800 eum
651 743 730 800 foras
763 742 864 800 exime.
920 743 1010 818 quod-

27 845 119 903 cunque
145 831 228 888 intus
258 831 451 906 reliquiarum
473 831 681 905 remanserint,
710 849 811 888 rursus
839 831 1011 892 decarnabis
1029 831 1086 887 668

28 914 128 992 desuper
151 919 281 994 spinam,
314 922 344 978 et
370 918 415 977 ita
442 920 547 994 facito,
578 939 615 976 ne
643 939 766 978 nervum
787 938 903 997 pungas
926 921 1010 977 etin

26 1006 167 1077 periculum
199 1008 311 1066 mittas
362 1027 429 1066 cum
459 1007 520 1066 iam
553 1008 756 1066 decarnaveris
788 1008 826 1066 ad
852 1009 1010 1083 planitiam

26 1096 128 1174 certam,
159 1097 317 1156 lemniscos
341 1099 423 1155 aceto
455 1099 484 1155 et
514 1096 579 1154 oleo
610 1096 734 1155 subicies
764 1099 794 1154 et
824 1117 890 1154 eum
913 1098 1010 1156 locum

26 1180 109 1256 imples
136 1187 166 1244 et
198 1187 325 1243 stratum
352 1185 580 1261 superimpones.
626 1185 715 1243 tertio
744 1185 790 1243 die
819 1187 934 1244 solvito.
981 1189 1011 1244 et

26 1269 189 1332 simaiorem
208 1275 358 1334 ferburam
376 1274 579 1332 imminentem
596 1273 713 1349 videris,
737 1276 838 1332 curato
863 1275 1009 1333 lemniscis

26 1376 51 1415 ex
68 1365 143 1421 aceto
168 1365 201 1420 et
230 1363 295 1421 oleo
323 1363 461 1438 medidie,
492 1362 616 1437 desuper
645 1362 843 1437 cataplasmas
872 1367 902 1422 et
928 1383 1008 1422 mero

25 1449 47 1503 et
70 1449 127 1509 oleo
157 1452 313 1526 imponito.
367 1470 476 1526 aquam
507 1472 544 1509 ne
575 1451 705 1528 miserie,
737 1451 900 1525 periculum
931 1453 1008 1510 enim

25 1536 172 1598 vulneribus
197 1540 277 1598 facit.
315 1559 381 1598 cum
399 1539 491 1599 bonae
514 1539 649 1598 ferbnrae
672 1539 819 1599 inveneris
842 1543 872 1598 et
895 1542 1009 1600 saniam
1123 1596 1124 1599 ,

25 1621 118 1703 lecerit,
147 1629 328 1688 traumatico
359 1631 461 1687 curato
485 1628 620 1704 cottidie,
650 1630 718 1686 ante
746 1630 847 1686 tamen
871 1631 953 1686 aceto
978 1633 1009 1687 et

27 1711 73 1771 oleo
99 1719 246 1776 enaritate.
295 1717 352 1776 hoc
381 1717 488 1792 facito,
518 1717 610 1776 donee
642 1735 671 1774 se
694 1717 801 1775 vulnus
832 1717 859 1774 ei
888 1717 1006 1775 insidat.
1026 1715 1084 1770 669

26 1797 107 1862 deinde
129 1793 234 1865 oleran
256 1806 389 1864 inmittes
412 1825 466 1880 per
488 1805 549 1863 dies
573 1805 609 1880 V,
638 1807 673 1862 ut
703 1805 778 1863 cutis
806 1823 835 1862 se
863 1808 1008 1880 temperet

26 1890 158 1953 amelius
183 1895 345 1969 elimpidet.
392 1894 580 1969 sequentibus
608 1893 759 1951 adhibebis
787 1894 1006 1969 tetrafarmacO,

26 1980 118 2040 curabis
148 1983 275 2042 interius
308 2001 435 2042 causam.
486 2002 552 2041 cum
582 1982 795 2042 existimaveris
825 1982 928 2040 debere
959 2001 1006 2042 co·

25 2063 121 2128 haerere
144 2074 257 2147 eutem,
286 2071 437 2132 delavabis
461 2073 544 2129 aceto
569 2073 599 2129 et
627 2071 691 2130 oleo
715 2071 873 2148 diligenter
896 2073 926 2129 et
948 2073 1006 2129 mel

26 2151 153 2218 decoctum
184 2180 252 2219 cum
281 2161 392 2235 polline
420 2160 482 2219 ervi
512 2162 542 2217 et
573 2160 667 2218 thuris
697 2159 839 2235 pollinem
871 2160 1007 2219 similiter

26 2247 104 2318 aequis
133 2249 327 2326 ponderibus,
359 2251 394 2307 ut
425 2248 636 2306 traumaticum
666 2249 786 2306 mollem
821 2249 921 2308 facias.
977 2252 1006 2308 et

27 2331 126 2395 subicies
152 2339 185 2395 in
208 2337 324 2396 vulneri
355 2340 384 2395 et
414 2356 502 2412 super
530 2338 642 2395 cretam
666 2335 828 2396 Cimoleam
858 2357 893 2395 ex
922 2340 1005 2396 aceto

27 2415 102 2482 infuso
123 2427 274 2502 impones,
303 2428 338 2484 ut
360 2426 426 2500 ipsa
448 2425 571 2501 ponderi
597 2420 600 2504 l
625 2426 808 2501 deprimatur
830 2426 868 2484 ad
891 2426 1007 2500 spinam
1031 2417 1137 2482 142vb

27 2512 86 2568 cutes
107 2517 136 2572 et
159 2515 344 2574 cohaereant.
391 2533 457 2572 cum
480 2514 677 2589 cohaeserint,
705 2515 828 2574 vulnera
850 2515 1006 2590 plagarum

27 2611 96 2658 uuas.
140 2604 165 2662 si
198 2603 324 2663 vendere
354 2603 495 2678 volueris,
534 2621 637 2660 sanum
673 2603 782 2662 vendes
815 2602 876 2660 sine
909 2621 1005 2677 repre·
1024 2599 1082 2656 670

27 2679 148 2750 tensione.
212 2693 237 2750 si
274 2686 370 2750 minus
408 2693 522 2765 autem,
558 2693 588 2748 et
620 2691 644 2750 si
680 2690 809 2750 volueris
844 2709 911 2747 eum
945 2709 1005 2749 non

26 2777 181 2856 rescindere,
214 2799 426 2856 quamcunque·
447 2780 478 2837 in
508 2779 594 2837 dorso
622 2798 742 2838 causam
771 2797 928 2854 persanare
951 2779 1004 2854 vie,

19 2863 183 2927 rreticulatim
215 2871 245 2926 et
281 2869 398 2945 punctis
430 2868 614 2942 interpositis
647 2868 766 2927 dorsum
794 2867 881 2925 urite.
937 2869 1004 2925 usta

28 2957 115 3016 curato.
162 2975 267 3016 sanum
289 2958 347 3016 fiet.
394 2959 516 3032 etpost
539 2975 639 3015 curam
668 2956 793 3015 ustionis
824 2955 1004 3032 malagmam

28 3043 131 3103 caustica
163 3046 310 3121 imponito
345 3047 377 3104 in
411 3046 525 3103 alutam
557 3045 743 3120 perductam,
778 3046 813 3102 ut
844 3043 1003 3103 confirmet.

27 3127 50 3181 ut
63 3133 211 3202 proiecerit
230 3154 302 3192 eam.
340 3137 432 3209 utere,
452 3134 598 3209 quomodo
612 3134 749 3209 volueris,
773 3151 832 3191 non
850 3133 1002 3191 rescindet.

27 3257 212 3281 N.—

78 3354 213 3410 3libera?
237 3357 240 3424 Ι
266 3371 344 3410 sarco
363 3355 471 3424 lapide:
486 3383 519 3400 =
535 3351 714 3424 σαρκολαβίδι
741 3355 749 3423 l
778 3358 791 3405 7
811 3325 982 3422 reliquarum

27 3419 50 3467 15
63 3421 123 3479 bene
140 3427 252 3480 ferbure
266 3429 274 3495 l}
289 3432 321 3480 17
341 3426 528 3496 exanguineto
552 3429 561 3496 ll
584 3431 616 3479 18
641 3425 747 3479 oleran:
767 3425 800 3490 cf.
820 3441 905 3494 supro
924 3428 976 3480 651

28 3490 51 3538 lc
65 3496 234 3552 extimaveris
248 3501 256 3568 ΙΙ
271 3503 303 3551 33
318 3497 367 3550 ubi
380 3497 529 3568 proieceris
546 3513 616 3565 eam,
631 3498 725 3550 utere?

793 3585 844 3638 14*
