2470 3902
213 148 495 204 MULOMEDICINA
513 148 682 205 OHIRONIS
701 156 841 206 ace-211
987 152 1030 216 63

51 317 100 355 nen
124 301 316 376 conceptionis
344 302 375 358 et
400 300 465 360 viti.
512 319 603 376 quam
630 302 777 360 rationem
804 302 974 377 plenissime
998 303 1030 360 in

51 387 159 446 omnibus
181 389 381 448 demonstrare
404 408 521 448 necesse
545 393 597 450 est.

98 477 183 551 primo
212 478 249 536 de
276 478 341 553 ipso
365 480 481 553 ventre,
518 479 597 554 quod
621 481 666 538 est
689 479 898 556 aqualiculum.
950 481 1030 556 quod
1048 480 1107 536 208

47 565 199 641 principium
236 566 368 625 omnium
409 566 630 626 interaneorum
667 570 727 643 est,
767 568 861 627 totins
898 569 1029 645 corporis

28 652 202 730 edomentur,
234 656 266 714 in
299 675 357 731 quo
389 656 502 714 ventris
534 657 732 732 capacitatem
764 656 846 715 cibus
879 659 910 716 et
940 661 1030 733 potus

46 742 132 802 mixtus
154 745 298 804 convenit.
344 745 376 802 in
399 764 457 820 quo
487 745 553 807 loco
582 765 636 820 per
665 745 861 822 digestionem
891 749 1030 821 separata

45 849 85 904 per
109 834 201 892 totum
234 851 379 910 organum
410 833 535 892 interius
567 834 793 892 distribuuntur.
851 853 926 910 quae
961 853 1030 910 pars

45 923 152 996 corporis
173 923 299 981 interius
321 921 513 998 perfrictione
535 923 619 1000 longi
641 923 784 998 temporis
807 923 937 999 concipit
954 924 1029 982 mul-

44 1010 91 1067 tum
103 1011 216 1070 doloris.
240 1011 316 1070 vitia
333 1011 544 1070 intestinorum
561 1011 691 1071 inferent
708 1032 762 1087 per
778 1013 855 1071 hanc
868 1012 1030 1071 rationem:

12 1109 33 1146 1⁰
44 1115 137 1158 omnem
159 1100 399 1158 commixtionem
417 1099 476 1158 cibi
499 1102 530 1159 et
552 1103 640 1176 potus
663 1101 696 1158 in
718 1101 887 1176 aqualiculo
911 1121 964 1177 per
983 1119 1029 1159 ca-

42 1185 127 1263 lorem,
152 1208 210 1264 quo
234 1189 377 1248 coctionis
400 1189 527 1266 digestio
550 1189 696 1264 liquorem
718 1191 850 1249 humoris
872 1189 904 1248 in
926 1190 1029 1249 urinas

42 1279 147 1354 separat,
169 1298 224 1353 per
247 1278 385 1353 calorem,
409 1277 433 1336 si
456 1278 539 1336 nulla
562 1279 763 1353 perfrictionis
781 1297 870 1337 eausa
889 1279 1029 1357 digestio-

40 1382 92 1422 nem
111 1366 242 1442 impedit.
285 1366 365 1442 quod
388 1367 413 1424 si
435 1367 590 1440 perfrictio
613 1367 696 1445 longi
718 1369 861 1443 temporis
885 1370 1028 1444 concepta
1048 1367 1105 1422 209

40 1451 209 1513 inventrem
234 1455 351 1530 operari
374 1456 513 1531 coeperit,
536 1458 653 1530 partem
675 1457 807 1515 humoris
831 1459 861 1514 et
883 1457 1030 1532 liquorem

10 1553 71 1634 lter¹
88 1543 194 1621 frigore
222 1535 226 1625 Ι
254 1544 394 1621 coagulat
417 1547 448 1602 et
477 1544 661 1622 glutinosum
689 1545 825 1604 faciendo
860 1546 971 1604 retinet
999 1547 1030 1604 in
1056 1546 1158 1606 117'e

38 1633 106 1702 parte
123 1633 342 1707 intestinorum,
366 1652 441 1708 quae
465 1635 537 1692 sunt
558 1633 655 1692 medio
674 1635 799 1710 positae,
823 1653 899 1709 quae
918 1635 1030 1694 ducunt

38 1718 68 1775 ab
86 1722 249 1796 aqualiculo
279 1739 372 1797 usque
403 1721 441 1779 ad
471 1722 583 1797 colum,
614 1722 694 1798 quod
725 1723 893 1798 appelletur
922 1722 1028 1798 tpplon

39 1810 149 1868 enteron.
194 1811 274 1869 unde
305 1810 341 1868 fit
373 1829 438 1869 sera
470 1810 590 1888 digestio
623 1812 769 1870 stercoris
819 1811 854 1870 fic
884 1812 934 1870 hic
964 1812 1028 1886 ipse

38 1895 186 1958 intestinus.
224 1899 367 1974 superine,
391 1900 470 1974 quod
493 1900 563 1974 dixi,
586 1902 691 1959 stenen
711 1902 831 1959 euteron
850 1901 1029 1976 appellatur,

10 1987 101 2058 equod
121 1988 215 2047 latine
238 1988 342 2047 dieunt
363 1988 494 2047 ieiunum
517 1989 708 2063 intestinum,
732 1991 767 2048 ab
792 2009 825 2048 eo
851 1990 929 2066 quod
954 1989 1030 2047 nihil

37 2072 61 2130 in
92 2078 190 2136 eodem
227 2077 358 2136 stentino
391 2077 450 2135 cibi
484 2077 598 2152 aliquid
629 2081 831 2153 permaneant.
884 2099 938 2154 per
973 2080 1029 2138 hoc
1048 2077 1107 2134 210

37 2164 101 2222 enim
121 2166 297 2226 intestinum
327 2165 410 2224 cibus
442 2165 480 2224 ab
512 2166 682 2242 aqualiculo
714 2167 745 2224 iu
777 2167 876 2226 colum
898 2167 1029 2228 velocem

36 2253 181 2313 transitum
203 2255 322 2313 habent.
359 2255 391 2311 iu
415 2274 473 2330 quo
497 2255 639 2314 intestino
658 2255 709 2313 ille
727 2256 835 2314 humor
853 2257 1029 2334 coagulatus

38 2343 61 2398 et
79 2343 266 2418 perfrictione
290 2345 315 2402 si
338 2345 426 2402 natus
450 2343 659 2418 abundaverit,
681 2363 741 2403 non
764 2345 880 2420 patitur
901 2346 1028 2404 transire

10 2429 120 2489 teibnm
148 2451 166 2490 a
194 2434 296 2493 ventre
329 2432 361 2490 in
392 2432 546 2492 inferiores
578 2435 686 2508 partes.
733 2433 833 2492 obstat
865 2435 943 2494 enim
974 2435 1029 2493 illa

37 2521 176 2591 spurcities
199 2523 230 2581 et
258 2521 426 2596 praecludit
454 2525 555 2596 partes
585 2522 794 2581 intestinorum
825 2526 855 2580 et
884 2524 958 2581 facit
981 2543 1028 2580 ex-

36 2607 185 2668 tensionem
207 2611 333 2685 rentriS,
363 2610 393 2668 id
416 2612 461 2668 cst
483 2611 645 2686 aqualiculi
669 2611 800 2670 dolorem
822 2612 975 2689 ingentem
998 2613 1029 2669 et

35 2712 160 2773 magnum
182 2699 355 2774 periculum.
393 2717 468 2774 qnae
491 2699 591 2774 passio
614 2699 725 2759 doloris
743 2701 897 2778 enfragma
911 2700 1029 2774 dicitur,

37 2801 97 2856 quae
119 2787 212 2846 latine
236 2781 458 2847 obturationem
480 2790 612 2850 vocatur.

10 2879 27 2920 ³⁰
88 2876 159 2935 facit
180 2880 210 2935 et
234 2877 325 2938 aliam
348 2895 468 2935 causam
491 2877 601 2936 doloris
625 2878 800 2954 cordapsuS,
823 2879 904 2952 quod
927 2877 1027 2953 appel·
1046 2876 1103 2931 211

36 2958 107 3022 latur
145 2966 251 3041 quibus
271 2965 419 3044 contingit
437 2985 472 3023 er
490 2966 583 3023 nimia
605 2967 741 3025 tensione
763 2967 900 3025 stercoris
920 2984 1028 3040 aquam

36 3067 125 3120 peres
146 3055 313 3128 refundere,
336 3054 442 3128 cibum,
465 3055 585 3113 stercus.

86 3146 220 3201 rarenter
242 3165 278 3202 ex
300 3143 347 3201 his
367 3143 480 3201 duabus
498 3143 685 3219 passionibus
703 3144 836 3201 iumenta
854 3143 1028 3201 liberantur.

37 3225 81 3287 tito
111 3233 190 3290 enim
223 3253 258 3292 ex
290 3233 346 3290 hac
378 3249 468 3290 causa
499 3233 643 3291 tensionis
675 3232 839 3291 volutando
878 3234 1028 3290 omentum

92 3371 122 3419 13
145 3336 282 3437 perfectio
303 3367 313 3435 ll
335 3371 368 3419 18
392 3364 458 3437 diff
481 3367 521 3421 sc‘e
540 3368 549 3435 ll
573 3371 605 3419 19
629 3365 739 3419 interon
758 3369 767 3431 ΙΙ
790 3370 824 3418 20
848 3365 931 3419 adeo:
960 3382 1027 3420 corr.

35 3429 117 3502 ΒΙΙ24
139 3455 154 3492 e
173 3437 354 3508 perfrictione
376 3441 460 3492 natus
482 3436 506 3490 si
526 3437 555 3490 B
577 3439 586 3506 ll
606 3442 639 3490 26
664 3435 804 3506 percludit
826 3439 835 3506 ΙΙ
858 3443 892 3492 30
916 3438 977 3508 ch.
995 3438 1033 3490 Π

36 3505 85 3576 1311
101 3513 132 3562 32
150 3509 275 3579 0081134
293 3508 445 3563 volutendo
