2470 3902
201 159 265 222 144
432 154 712 211 MULOMEDICINA
731 153 900 210 GHIRON'IS
919 158 971 207 454

436 299 539 353 Chiron

196 416 321 472 rumque
345 414 380 454 ea
398 414 444 454 res
463 395 505 454 eis
524 394 684 471 contingit:
717 412 780 452 ves·

115 545 116 548 ,
198 485 302 560 siclus,
339 485 390 562 qui
423 484 593 560 appellatur
623 483 781 558 buprestis,

197 575 248 650 qui
271 574 404 632 nascitur
429 573 461 630 in
490 573 567 631 feno.
594 574 659 630 'cst
681 573 781 629 autem

172 663 271 725 ohaec
283 663 359 737 'ipsa
380 661 501 721 bestiola
527 660 632 720 similis
656 678 780 718 arane1s.

196 752 272 810 hanc
291 770 358 810 oum
376 751 408 808 in
425 751 493 809 feno
509 749 678 824 comederit,
696 767 781 824 prae-

196 840 345 899 focabitur
373 843 403 898 ct
429 839 586 898 laborabit.
634 837 782 915 contingit

197 933 297 988 autem
327 931 357 987 et
387 931 509 1004 propter
540 945 650 1002 aquam
681 927 781 985 turbo-

197 1018 317 1076 lentam.
363 1017 524 1092 aliquando
547 1019 648 1074 tamen
671 1015 696 1074 si
718 1035 782 1074 ver·

159 1130 185 1170 ιο
196 1125 259 1165 mes
295 1106 405 1164 habeat
445 1110 497 1164 aut
537 1104 714 1179 lumbricos,
757 1103 782 1162 si

197 1196 254 1254 hoc
286 1195 327 1253 eis
358 1197 463 1253 venter
493 1193 601 1253 doleat.
653 1196 684 1251 et
716 1211 782 1251 eum

199 1305 234 1342 ex
259 1282 450 1342 lumbricibus
483 1283 615 1341 dolorem
644 1281 782 1356 habeant,

199 1391 259 1432 non
291 1372 332 1431 sic
364 1371 579 1446 periclitantur.
627 1374 673 1431 est
704 1370 783 1428 enim

198 1463 258 1520 ista
276 1479 331 1536 res,
351 1479 426 1536 quae
445 1461 504 1519 cito
526 1479 556 1519 se
576 1460 657 1518 foras
672 1461 781 1534 evocet,

161 1571 186 1611 15
201 1553 231 1608 et
253 1549 317 1624 ipso
342 1549 420 1608 enim
443 1550 581 1608 stentiuo.
621 1549 646 1607 si
669 1565 782 1607 vermes

199 1639 344 1713 habuerit,
362 1657 505 1715 magnum
518 1637 650 1696 laborem
667 1637 783 1713 patitur

200 1731 231 1786 et
243 1727 408 1802 periculum
416 1729 575 1802 propterea
584 1727 659 1800 qood
668 1743 728 1784 ooo
736 1726 782 1798 fo-

201 1818 253 1876 cile
266 1837 302 1874 ex
316 1835 350 1875 eo
364 1818 541 1892 punoantur.
565 1815 613 1874 cui
631 1813 783 1892 cognoscis

201 1905 257 1964 hoo
267 1905 425 1982 contigisse
436 1908 466 1963 et
479 1925 515 1962 ex
527 1904 594 1962 istis
607 1904 699 1982 signis
709 1902 784 1962 acci-

153 2015 188 2054 ¹no
202 1993 287 2069 disse,
310 1996 340 2052 et
362 1993 515 2052 mordente
537 1995 648 2051 terram
670 1991 784 2050 videbis

11 2135 12 2150 2
126 2080 183 2138 454
202 2084 324 2157 propter
351 2082 490 2142 dolorem.
536 2082 578 2140 sic
602 2081 643 2139 eis
668 2099 784 2140 succur-

200 2188 255 2229 res
274 2170 421 2228 brassicae
429 2170 504 2229 folia
513 2170 697 2246 confricabis,
708 2187 783 2245 quae

201 2259 292 2316 fuerit
323 2258 486 2336 levissima,
518 2259 550 2317 in
578 2278 637 2335 qua
661 2257 784 2318 commi-

162 2369 188 2408 ss
202 2347 295 2406 socbis
326 2347 389 2406 vini
421 2348 535 2406 cotulas
566 2347 629 2406 1111
666 2349 696 2406 ct
731 2347 785 2405 oloo'

71 2437 178 2496 131²b
200 2454 300 2513 mam,
332 2456 385 2512 per
416 2437 638 2496 senestoriorem
658 2435 662 2508 l
682 2455 785 2493 narem

200 2525 364 2601 profundis.
418 2525 522 2583 deinde
558 2525 653 2583 sulfur
684 2524 785 2583 vivum

172 2689 174 2692 .
202 2614 329 2673 conteris
357 2633 423 2672 cum
451 2614 516 2673 oleo
545 2616 634 2671 etex
659 2633 693 2672 eo
717 2632 784 2671 con·

201 2703 322 2762 fricabis
345 2704 375 2761 et
397 2706 537 2762 ventrem.
583 2703 658 2761 facit
685 2704 785 2760 autem

202 2792 241 2850 ad
258 2792 290 2849 id
303 2791 411 2850 vitium
432 2791 614 2850 absinthium
633 2790 785 2849 decoctum

162 2901 188 2942 so
201 2880 271 2939 vino
300 2881 437 2938 similiter
464 2881 617 2938 suffusum
649 2880 732 2938 item
755 2882 786 2937 et

201 2971 258 3028 hoc
280 2969 322 3027 eis
352 2969 463 3044 optime
492 2969 579 3044 iacit,
609 2969 634 3027 si
665 2968 786 3026 ordeum

203 3087 415 3101 ...---—-

238 3155 624 3226 2sq.vessiolus=bestiolus
638 3158 648 3225 ΙΙ
662 3155 786 3223 tpustn-

202 3226 244 3283 la:
262 3228 375 3282 bestula
388 3228 428 3282 W
437 3230 446 3296 ΙΙ
461 3233 475 3280 7
489 3226 631 3281 laboravit
644 3229 654 3296 ΙΙ
669 3233 701 3280 10
715 3225 786 3278 lum·

202 3297 312 3353 bricoso
327 3301 336 3368 ΙΙ
351 3304 385 3350 14
398 3297 484 3353 iusta:
500 3315 568 3353 corr.
579 3298 608 3351 B
629 3300 639 3367 ΙΙ
664 3302 695 3349 17
711 3295 787 3364 qnod

202 3386 260 3424 non
276 3369 360 3423 facile
374 3371 462 3438 suppl.
478 3369 504 3422 B
519 3371 528 3438 ΙΙ
544 3375 576 3423 18
588 3366 788 3439 pungnanturll

205 3445 236 3493 19
257 3439 405 3494 accidisse:
429 3438 549 3494 iaciente
569 3457 598 3494 se
616 3440 644 3492 B
661 3441 671 3508 ΙΙ
692 3444 726 3491 24
748 3455 785 3508 sq.

204 3509 259 3564 olei
277 3526 364 3563 unam
381 3512 503 3579 supplevi
525 3511 536 3583 lt
554 3517 587 3564 25
607 3509 787 3566 senestiorem

964 295 1085 365 Vopotios

835 404 892 472 (10)
899 401 1037 456 bestiolas
1048 400 1133 470 etiam,
1144 399 1187 466 qui

836 472 995 543 appellatur
1030 470 1187 553 ¹,buprestis

836 560 956 598 araneae
973 542 1080 612 similis,
1098 561 1120 596 si
1134 559 1188 594 cnm

748 659 754 672 .
835 615 917 669 foeno
941 615 1090 669 devoratus
1110 613 1187 679 luent,

836 685 942 740 animal
959 685 1133 755 praefocabit

871 862 946 914 aqua
981 861 1090 914 quoque
1118 860 1189 897 coeno

835 916 882 970 vel
899 915 967 970 limo
990 915 1104 970 turbida
1119 913 1139 968 si
1155 915 1190 968 bi-

836 988 927 1056 batur,
952 990 1063 1042 meatus
1089 985 1191 1055 impedit

835 1058 1003 1112 minationis.
1031 1060 1086 1128 (11)
1098 1073 1190 1112 vermes

837 1145 946 1199 quoque
964 1128 1009 1183 vel
1032 1127 1154 1182 lumbrici
1173 1127 1193 1180 si

836 1199 1001 1255 intestinum
1034 1199 1190 1254 exulcerave-

836 1271 900 1340 rint,
915 1271 1039 1325 vesicam
1052 1271 1161 1325 laedunt
1170 1273 1191 1324 et

838 1341 987 1412 dupliciter
1039 1341 1192 1396 animalibus

855 1413 1004 1468 discrimen
1030 1413 1178 1483 important.

836 1484 913 1554 quod
948 1483 992 1537 his
1028 1483 1192 1555 deprehendi·

836 1559 884 1609 tur
897 1554 993 1625 signis.
1018 1555 1120 1609 animal
1132 1553 1192 1623 quod

836 1626 944 1680 tardius
975 1625 1090 1697 mingit,
1117 1625 1192 1680 latera

838 1697 893 1751 sibi
917 1697 1019 1767 scalpit
1037 1697 1083 1752 vel
1105 1700 1193 1752 terram

837 1769 954 1836 mordet,
975 1767 1048 1822 scias
1065 1768 1133 1822 illud
1146 1783 1191 1820 ver·

837 1839 930 1894 mibus
939 1838 986 1893 vel
994 1838 1137 1894 lumbricis
1150 1842 1192 1891 tor·

838 1910 925 1980 queri.

981 2073 1039 2140 (12)
1077 2069 1123 2124 cui
1153 2068 1192 2120 hac

838 2142 948 2196 ratione
962 2141 1108 2195 succurris.
1133 2141 1191 2192 bras·

839 2213 913 2268 sicae
936 2211 1006 2267 folia
1029 2209 1192 2265 subtilissime

839 2284 988 2339 contundis
1007 2286 1036 2336 et
1050 2281 1192 2338 commisces

838 2353 1192 2423 bonivinicctylasquatuor

839 2431 868 2480 et
885 2443 935 2497 per
953 2424 1099 2478 sinistram
1115 2435 1191 2497 narem

838 2496 971 2551 infimois.
983 2495 1190 2551 sulfuretiamn·

838 2563 1191 2637 vuminpulveramredige

839 2643 945 2694 etcum
959 2637 1021 2693 oleo
1040 2641 1130 2692 totum
1142 2648 1191 2686 ven·

838 2713 911 2764 trem
934 2708 1066 2762 animalis
1093 2711 1119 2762 et
1132 2717 1189 2758 vere·

838 2784 914 2835 trum
942 2779 1116 2849 perfricatis.
1154 2771 1189 2854 nb·

840 2851 975 2906 cinthium
991 2850 1081 2905 etiam
1097 2845 1190 2916 largiter

840 2921 1189 2991 cumvinodecoquesetper

841 2993 983 3048 sinistram
998 3010 1098 3048 narem
1114 2985 1189 3043 dem·
