2512 3906
160 156 213 210 ΧΠ
543 153 757 208 PRAEFATIO.

159 306 267 366 simum
285 304 350 364 iure
370 305 526 380 appellare
541 305 619 364 licet.
656 323 752 380 neque
777 304 910 378 dubium,
934 305 1007 380 quin
1020 304 1177 382 Vegetius,

159 411 249 468 quam
272 411 332 454 non
355 395 401 452 sui
423 395 497 454 iuris
521 397 606 468 esset,
630 393 729 452 celare
749 392 906 467 strrduerit
929 411 997 452 cum
1017 392 1178 452 Ohircnem

157 484 223 542 loco
247 481 340 540 allato
364 483 537 559 gravissime
561 482 736 558 increparet,
760 481 840 557 quod
863 482 964 540 omnis
984 482 1064 559 apud
1081 483 1177 541 istum

156 571 308 648 indigesta
331 573 361 628 et
384 571 507 631 contusa
530 573 635 630 essent.
680 571 811 646 pretium
834 573 934 630 autem
958 590 1077 630 enorme
1097 573 1176 632 mul-

157 663 258 720 tarum
284 661 440 735 potionum
465 658 711 719 Ohironianarum
738 659 805 718 ideo
832 660 1035 735 reprehendit,
1062 679 1100 718 ne
1126 680 1176 719 co-

82 790 84 795 ,
149 751 241 823 ‘actus
269 748 309 807 sit
335 747 596 807 Mulomedicinam
621 767 716 823 usque
745 747 783 806 ad
810 747 986 808 umbilicum
1011 749 1176 823 revolvere,

158 836 399 912 qnandoquidem
421 838 486 913 ipse
508 837 619 896 talibus
643 836 865 896 medicamentis
889 856 949 897 non
971 830 1110 918 parcit1)

248 934 344 1004 Quam
357 952 417 992 non
431 934 616 1011 ignoraverit
630 934 772 1011 Vegetius
791 933 888 1010 libros
901 935 1176 1010 mulomedicorum,

158 1041 284 1098 quorum
315 1023 451 1081 omnibus
481 1023 666 1098 temporibus
694 1024 799 1100 ingens
825 1023 885 1081 fuit
911 1015 1097 1104 meruel),
1124 1025 1176 1083 vel

159 1112 228 1170 inde
265 1112 466 1188 cognoscitur,
503 1111 582 1187 qnod
614 1113 646 1170 in
677 1111 829 1187 prooemio
861 1112 955 1171 allato
988 1110 1110 1171 Chironi
1143 1117 1176 1171 et

158 1201 289 1276 Apsyrta
302 1199 495 1276 Pelagonium
517 1203 547 1258 et
562 1199 758 1262 columellam
772 1200 851 1260 solos
865 1201 987 1260 comites
1002 1193 1175 1282 adiungit³)

158 1422 233 1492 apud
248 1421 428 1492 Vegetium
420 1441 449 1475 ιιι
468 1421 560 1476 medio
579 1422 651 1477 libro
669 1421 760 1492 primo
780 1422 897 1492 (121)a
917 1427 1016 1493 paret?
1053 1423 1176 1546 Vegptio

159 1493 408 1547 mulomedicinae
438 1493 652 1548 commentarios
678 1493 841 1547 ordinante’
851 1425 969 1563 Ἧι)
960 1497 1053 1563 >non
1082 1495 1123 1548 sol
1124 1513 1176 1548 um

160 1565 328 1618 ‘amicorum
343 1565 486 1633 querelam
500 1565 610 1634 accepti
625 1565 717 1634 operis
731 1565 972 1619 continuationem
982 1565 1175 1634 suspendisse’

157 1637 217 1689 iure
241 1636 448 1690 contendemus.
483 1636 558 1704 quod
578 1635 692 1689 Chironi
711 1635 903 1690 contusionem
920 1637 990 1690 vitio
1009 1637 1101 1703 vertit,
1120 1636 1177 1690 hoc

157 1707 186 1762 in
205 1706 298 1776 ipsum
316 1707 426 1762 recidit.

229 1789 254 1854 1)
274 1786 342 1855 Veg.
358 1787 396 1840 Vl
416 1792 467 1854 v‚4
493 1787 582 1844 ‘nuuc
606 1785 730 1842 decursis
753 1785 891 1853 omnibus,
910 1803 983 1855 quae
1001 1786 1084 1842 huius
1104 1788 1176 1842 artis

157 1857 285 1912 doctrina
307 1857 451 1927 poscebat,
477 1857 514 1910 ad
540 1858 756 1926 compositiones
781 1858 1001 1912 necessariarum
1025 1858 1177 1928 potionum

156 1929 478 1996 medicamentorumque
506 1929 717 1996 descendemus,
745 1945 779 1982 ex
807 1929 908 1997 quibus
936 1929 1081 1998 explorata
1109 1946 1178 1983 con-

157 1999 293 2068 gessimus
319 2003 347 2054 et
370 2015 404 2053 ea
426 2015 498 2068 quae
517 2017 573 2054 non
590 2003 651 2054 tam
669 2001 707 2054 ad
723 2000 879 2056 utilitatem
897 2000 1013 2054 curandi
1032 2016 1118 2067 quam
1136 2001 1176 2054 cb

157 2070 305 2124 caritatem
336 2071 447 2126 emendi
478 2071 728 2126 mulomedieorum
760 2070 901 2141 cupiditas
926 2071 1080 2138 inflaverat,
1108 2071 1178 2124 sub-

156 2141 299 2196 movimus.
346 2185 440 2195 .....
461 2142 663 2208 confectiones,
687 2145 721 2197 ut
746 2142 854 2196 dictum
878 2144 928 2208 est,
954 2142 1177 2198 medicaminum

156 2212 328 2282 proferemus
343 2212 448 2266 electas
462 2213 669 2268 exauctoribus
684 2213 781 2268 multis
795 2216 824 2267 ct
838 2216 867 2266 et
877 2212 1073 2282 experimentis
1083 2214 1178 2266 mani-

157 2282 316 2338 festissimis
341 2284 532 2353 approbatas’
571 2301 643 2352 quae
662 2286 794 2338 secuntur
811 2284 1079 2338 medicamentorum
1098 2301 1178 2338 com·
1254 2327 1255 2334 ,

156 2353 311 2422 positiones
334 2354 470 2423 partim
462 2371 520 2409 ram
543 2355 573 2411 in
595 2355 830 2424 praecedentibus
854 2355 934 2409 libris
952 2355 1080 2424 prolatae
1099 2359 1177 2422 sunt
1254 2405 1255 2416 ,

156 2425 261 2494 partim
283 2428 364 2480 tanto
387 2426 478 2494 pretio
502 2426 673 2493 stautai
665 2442 725 2482 rure
739 2425 885 2496 Vegetio'
877 2426 932 2496 rpsi
950 2425 1053 2495 probro
1072 2428 1177 2494 vertas,

157 2512 230 2566 quae
255 2495 431 2550 ‘auctoribus
454 2497 577 2564 multis'
604 2497 701 2551 idest
725 2495 837 2551 chironi
860 2497 883 2566 (l
904 2497 992 2567 praef
1013 2499 1040 2566 4)
1063 2496 1178 2552 crimini

158 2567 244 2620 dedit
286 2567 467 2622 anhelantem
491 2568 573 2622 audis
596 2567 760 2636 scriptorem
784 2568 821 2622 ad
843 2571 948 2622 metam
971 2584 1055 2638 aegre
1077 2584 1178 2637 perve

156 2638 281 2694 nientem
299 2637 338 2692 Vl
361 2644 403 2705 27
418 2645 434 2692 8
461 2639 543 2693 licet
571 2655 659 2708 parva
689 2642 718 2693 et
736 2655 829 2722 prope
853 2639 933 2693 nulla
958 2639 993 2693 de
1017 2639 1075 2704 his
1100 2655 1178 2706 quae

157 2709 260 2764 diversi
283 2681 411 2763 auctore's
433 2710 597 2777 retulerunt,
620 2710 799 2780 praeteriisse
822 2710 946 2777 doceam,
970 2713 1065 2764 tamen
1088 2725 1178 2777 quae-

157 2797 266 2848 cunque
289 2780 458 2834 videbuntur
479 2782 600 2850 probata
623 2781 844 2850 conscripsimus.
889 2797 984 2834 verum
1006 2797 1042 2837 ne
1064 2779 1179 2850 longior

156 2851 228 2905 liber
251 2851 442 2906 confusionem
465 2852 556 2921 magis
579 2852 738 2922 legentibus
762 2868 847 2921 quam
865 2851 1079 2906 instructionem
1097 2851 1178 2904 vide-

156 2925 233 2976 retur
265 2921 377 2988 afferre
404 2922 519 2976 modum
545 2923 661 2993 plenum
688 2923 827 2977 credimus
855 2923 1042 2989 faciendum'
1071 2923 1178 2990 quibus

158 3011 228 3063 opus
247 3009 281 3047 ex
299 2994 449 3064 improviso
469 2993 565 3049 finitur
583 2994 741 3064 aVegetio

228 3070 699 3142 2.)OfAristot..haVIlI24;
718 3074 864 3128 Varrorr.
888 3073 1011 3140 H'llss.
1049 3073 1179 3142 inHip-

156 3141 293 3210 pistricis,
308 3161 381 3212 quae
394 3147 537 3211 vocantur,
551 3144 687 3198 librorum
705 3145 913 3214 quinquaginta
931 3144 989 3198 fere
1007 3144 1179 3204 mulomedi-
1252 3161 1253 3206 ζ

159 3230 255 3266 corum
273 3218 400 3270 servatae
420 3218 485 3270 sunt
502 3187 647 3284 reliquiae

229 3295 256 3362 3)
275 3291 437 3362 Columella,
452 3295 556 3366 quippe
571 3295 619 3363 qui
633 3313 668 3348 rr.
683 3295 722 3350 VI
737 3300 845 3378 30—35·
853 3295 1017 3349 brevissime
1031 3297 1060 3349 et
1072 3310 1181 3377 parum

158 3363 309 3432 diligenter
342 3365 377 3418 de
408 3367 512 3421 morbis
545 3383 680 3433 equorum
707 3366 809 3436 egerit,
837 3366 867 3420 in
893 3383 1009 3421 numero
1036 3365 1181 3420 veterina

158 3434 262 3489 riorum
294 3435 409 3491 minime
437 3438 598 3492 referendus
626 3440 694 3492 eret.
745 3454 797 3492 nec
825 3437 960 3506 Vegetius
988 3437 1061 3492 euris
1089 3437 1182 3493 boum

157 3505 281 3575 exceptis
309 3505 358 3574 <fv
382 3513 436 3560 1-
444 3510 487 3576 25)
519 3508 675 3577 quidquam
706 3524 740 3562 ex
767 3525 800 3562 eo
828 3512 973 3563 mutuatus
1002 3511 1051 3563 est.
1096 3508 1183 3563 dein·
1251 3553 1252 3570 r
