2474 3910
223 153 504 209 MULOMEDIOINA
523 151 697 208 OHIROMS·
712 157 850 206 rec-rao
973 150 1038 216 233

48 307 90 362 aut
106 305 186 364 asino
205 305 230 363 si
249 305 387 383 volueris
401 306 549 364 continere
562 305 677 379 poterit,
695 303 800 379 periet.
825 303 876 362 sed
894 321 985 379 quare
1005 322 1040 360 ex

47 413 109 468 equo
138 394 267 469 primum
289 396 325 452 ut
347 393 482 468 imponas
505 391 595 452 volo?
641 393 666 450 si
694 411 729 450 ex
751 410 827 467 equo
855 391 1039 467 imposueris,

45 481 182 541 mensibus
204 483 233 540 X
254 484 375 558 partum
397 482 486 560 feret,
514 501 550 540 ex
573 481 655 540 asino
679 483 779 539 autem
801 479 950 539 mensibus
972 480 1038 538 XH.
1107 476 1110 482 ’

45 571 119 630 initio
143 571 235 631 vulva
256 571 352 647 primo
379 573 482 629 tenera
510 572 556 629 est
581 573 611 628 et
633 569 739 629 brevis.
784 569 913 644 primum
940 571 1040 628 autem

27 657 88 735 elsi]
111 680 147 719 ex
170 679 245 735 equo
269 661 294 719 si
316 659 505 735 imposueris,
535 677 594 717 non
616 659 712 736 magis
736 659 856 736 sanguis
879 657 947 732 equi
969 657 1039 714 fati-

44 767 103 825 gare
134 751 235 824 potest
258 749 428 824 matricem,
457 748 598 823 quoniam
620 748 649 805 X
673 746 825 806 mensibus
851 749 884 805 ia
906 748 1039 805 ventrem

44 837 117 912 leret,
142 856 160 896 a
183 837 279 913 primo
302 840 435 913 tempore
458 839 615 912 conceptus
638 855 698 894 non
720 835 832 914 fatigat
853 835 981 895 vulvam.

99 926 143 984 IV
160 927 240 984 Nam
263 926 340 985 asini
363 927 521 1001 conceptus
549 943 658 1002 magno
686 925 788 984 labore
811 923 959 983 mensibus
982 920 1040 980 XH
1060 923 1115 979 746

43 1017 181 1089 portatur.
230 1018 259 1074 et
294 1015 418 1091 incipiet
449 1033 468 1072 a
499 1014 595 1090 primo
627 1013 757 1091 fatigata
789 1031 941 1088 nunquam
967 1011 1040 1071 bene

16 1123 176 1180 regenerare
209 1106 239 1162 et
271 1103 357 1162 citius
394 1103 521 1162 senescit
557 1105 588 1161 et
618 1102 739 1180 gracilis
774 1101 826 1160 fiet
858 1105 888 1160 et
918 1100 1042 1176 incipiet

44 1192 199 1252 difficiliter
237 1193 398 1268 concipere.
451 1191 596 1267 quidquid
628 1191 829 1268 generaverit,
868 1189 1042 1266 turpissima

44 1299 151 1358 semper
174 1284 205 1339 et
234 1281 380 1358 angulosa
410 1282 440 1339 et
468 1279 674 1356 inaequalibus
704 1280 841 1338 dentibus
870 1279 968 1337 minus
991 1297 1041 1338 va·

43 1369 137 1448 lentie,
160 1372 193 1428 et
213 1369 280 1445 ipsa
301 1388 355 1429 nec
377 1369 477 1445 plures
500 1361 605 1444 periet

98 1459 127 1516 V
151 1460 240 1534 Elqua
262 1459 395 1536 geminos
417 1460 444 1517 si
465 1459 562 1533 primo
584 1460 674 1533 partu
697 1457 878 1533 exposuerit,
906 1456 1043 1515 similiter
1063 1455 1117 1512 747

14 1551 200 1623 assuescunt,
221 1547 327 1606 similis
344 1549 449 1622 partus
468 1546 595 1605 dabunt:
619 1548 705 1604 erunt
723 1543 873 1621 aequales
891 1545 1042 1603 ambulare

42 1636 164 1695 inutiles.
199 1655 254 1694 nec
281 1634 413 1711 separari
442 1636 489 1696 his
511 1635 587 1694 vitia
614 1654 668 1694 nec
690 1634 758 1693 tolli
780 1635 869 1709 seina
896 1633 955 1691 nisi
977 1652 1042 1708 per-

42 1725 158 1801 miseris,
172 1729 207 1784 ut
219 1728 305 1784 vacet
322 1725 414 1802 longo
430 1726 564 1800 tempore
584 1727 614 1782 et
632 1723 808 1782 adhibeatur
824 1722 893 1780 huic
912 1739 1043 1780 summae

43 1814 199 1873 curationis
236 1813 315 1872 ordo.
370 1813 499 1888 primum
534 1813 699 1871 fomentum
735 1811 854 1870 renibus
891 1810 1043 1886 apponite,

43 1903 178 1976 quoniam
213 1903 270 1962 hoc
305 1904 445 1961 tenentur
479 1902 586 1962 vulvae
623 1903 655 1959 et
691 1901 806 1959 vesicae
837 1900 967 1959 venulae.
1014 1899 1045 1956 et

13 1990 91 2050 roboc
126 1993 294 2051 fomentum
331 1991 373 2050 sic
408 1991 508 2050 facito.
562 1989 671 2049 sumito
708 1989 778 2048 salis
815 1988 978 2047 semodium
1014 1989 1044 2045 et

42 2079 134 2140 fricito
164 2082 196 2138 et
223 2081 255 2138 in
283 2097 367 2139 sacco
396 2078 508 2137 mittito
539 2081 570 2136 et
600 2096 688 2154 super
716 2077 833 2137 lumbos
860 2077 966 2136 leviter
993 2094 1044 2151 ap-

42 2169 139 2242 ponito
165 2186 344 2244 manumque
368 2167 471 2226 subtus
493 2167 607 2225 mittito
629 2169 660 2224 et
682 2167 810 2226 calorem
833 2167 963 2225 sufferto.
999 2165 1044 2222 ita
1097 2184 1099 2190 ·

41 2259 147 2331 poterit
169 2257 322 2316 sustinere.
349 2248 353 2338 1
1065 2255 1140 2312 147Ῑ
1147 2271 1165 2310 a

100 2347 150 2406 Vc
168 2345 210 2404 Et
226 2347 304 2404 hanc
321 2345 426 2404 utilem
444 2363 545 2403 curam
564 2345 662 2403 facies
695 2344 782 2402 ficum
797 2343 942 2402 battitum
955 2343 975 2407 5
989 2342 1044 2416 ΠΙ,
1064 2339 1120 2398 748

12 2433 103 2494 sebuic
126 2435 284 2494 admiscito
306 2452 426 2512 magma
449 2433 527 2493 croci
550 2435 570 2497 5
593 2435 624 2492 et
644 2435 810 2508 temperato
833 2433 903 2491 rino
927 2434 1044 2490 austero

42 2527 68 2581 et
95 2525 127 2582 in
159 2522 312 2581 naturalia
342 2523 408 2583 loca
441 2521 596 2597 exprimito
624 2522 673 2581 vel
705 2521 855 2598 apponito.
902 2519 1044 2578 cibariam

42 2611 121 2671 dabis
145 2613 223 2670 hanc
245 2631 298 2688 per
321 2612 383 2670 dies
405 2611 494 2669 XXX.
541 2630 643 2670 ervum
670 2610 874 2684 commixtum,
903 2607 1043 2666 columbi-

41 2720 107 2759 num
135 2705 248 2760 stercus
280 2719 375 2776 aequa
406 2717 544 2758 mensura
571 2699 709 2775 mixtum,
739 2719 792 2774 per
819 2699 880 2757 dies
913 2695 1044 2774 singulos

42 2790 182 2848 sextarios
215 2789 347 2866 singulos
378 2789 410 2846 in
443 2788 554 2847 cibaria
589 2788 680 2846 dabis.
733 2788 806 2847 haec
838 2787 863 2846 si
897 2785 1044 2845 curaveris

11 2878 144 2954 sefacere,
168 2896 284 2953 semper
306 2877 417 2954 optime
440 2876 553 2935 valebit
576 2880 606 2934 et
628 2879 731 2951 partus
755 2876 846 2934 dabit.

103 2967 148 3024 VI
171 2967 324 3042 Equarum
347 2969 450 3042 partus
474 2969 503 3024 et
525 2965 603 3024 fetus
626 2965 781 3040 disponere
808 2965 850 3024 sic
880 2964 1044 3039 observato,
1066 2961 1120 3017 aaa

41 3058 68 3114 et
104 3074 257 3130 nunquam
292 3058 323 3113 te
359 3055 449 3114 fallis.
499 3072 591 3132 genus
628 3053 670 3112 sic
706 3053 883 3130 coniungere
920 3053 1044 3128 oportet.

111 3301 125 3348 1
145 3294 226 3349 asina
241 3297 246 3364 1
262 3293 403 3349 continere
418 3293 565 3368 (poterit)
579 3293 619 3348 B:
639 3291 806 3345 contendere
819 3293 858 3361 116
877 3290 907 3344 in
925 3291 1024 3344 addidi
1036 3290 1046 3362 11

42 3372 71 3419 11
90 3365 282 3436 turpissimam
302 3367 312 3434 11
335 3371 369 3418 14
388 3365 411 3419 si
430 3365 529 3420 addidi
546 3368 555 3434 11
578 3369 610 3417 1ὁ
632 3361 746 3432 equales
764 3364 773 3432 11
795 3369 826 3418 17
847 3365 878 3416 ut
896 3361 1019 3430 supplevi
1037 3367 1046 3432 11

42 3441 71 3489 19
92 3437 138 3490 vel
154 3435 250 3490 nullae
264 3437 273 3506 11
287 3442 319 3489 21
339 3435 462 3490 mittitur
475 3439 484 3506 11
498 3442 531 3488 22
551 3452 635 3488 anum
654 3450 739 3502 quae:
758 3450 826 3490 corr.
843 3435 939 3504 Β1124
958 3430 1044 3486 batti·

40 3511 102 3560 tum
111 3507 367 3576 =battutum1127
387 3507 612 3561 columbinorum
626 3507 636 3575 11
653 3511 687 3560 29
711 3505 854 3560 curaberis
