2470 3902
224 188 506 244 MULOMEDICINA
525 188 694 244 offlRONIS
712 195 853 243 463-465
979 188 1042 252 153

203 332 343 402 Apsyrtos
721 331 888 402 Pelagoniae

47 437 82 488 καὶ
96 435 279 507 ἐρεθιζομένη
294 435 408 508 τάχιστα
428 438 510 505 οὐρή-

48 525 82 561 σει,
105 509 138 572 ὡς
152 509 188 564 ἐν
205 507 350 582 κεφαλαίῳ
365 505 396 562 dt
413 509 511 577 εἰπεῖν,

47 577 99 648 αὕτη
116 597 159 635 σοι
181 577 318 646 ἐπίδειξις
334 581 439 636 τούτων
455 589 511 636 τῶν

29 654 128 709 suadeo
146 652 204 706 καὶ
222 649 371 719 θεραπεία.

515 943 669 950 --—--—---

46 1051 100 1126 dixi,
121 1055 156 1111 et
175 1052 208 1109 in
227 1051 320 1110 oculis
343 1051 447 1129 anguli
469 1052 668 1127 invertmtur,
690 1055 725 1110 ut
743 1053 845 1111 statim
863 1051 1044 1127 producitur,

46 1140 217 1216 etpedibus
249 1144 279 1199 et
311 1141 444 1199 cruribus
476 1141 590 1217 rigidus
623 1141 765 1201 ambulat.
811 1140 862 1199 sed
894 1141 920 1199 si
946 1143 1044 1198 totum

46 1220 219 1302 prendiderit
246 1231 389 1288 cervicem
417 1232 448 1288 et
476 1232 610 1305 torquet,
645 1227 701 1306 [et]
727 1231 769 1289 sio
798 1230 973 1288 moriuntur.
1020 1227 1045 1286 si

46 1320 229 1392 posteriorem
248 1320 365 1394 partem
383 1318 542 1393 prandidit,
561 1319 603 1377 sic
622 1339 689 1377 eum
708 1320 819 1378 curato.
842 1311 845 1400 t
865 1319 898 1377 in
915 1318 981 1378 loco
1014 1314 1183 1374 463131Vo

18 1408 127 1472 poalido
155 1407 304 1482 imponito
331 1407 418 1465 illum
448 1409 479 1465 et
508 1407 636 1484 epitogis
669 1409 801 1482 coperito
834 1411 888 1467 aut
916 1406 1045 1482 pellibus

46 1496 161 1571 leneus,
193 1496 236 1554 sic
267 1499 368 1554 tameo
398 1495 449 1554 ubi
482 1514 551 1555 oves
584 1496 777 1574 deglupseris.
829 1497 872 1556 sic
897 1496 1045 1572 imponito

46 1586 133 1661 ealda,
169 1585 211 1644 sio
242 1585 396 1659 potionem
426 1585 505 1644 dato.
558 1585 687 1660 primum
717 1585 892 1663 sanguinem
921 1585 1045 1660 mittito,

45 1675 190 1748 potionem
220 1674 290 1732 dato
322 1673 446 1731 herbam
475 1674 655 1751 trixaginem
684 1671 770 1753 5·g·,
793 1673 947 1750 serpillum
969 1673 1046 1747 5·1·,

45 1783 165 1838 ysopum
186 1765 207 1826 5
228 1763 268 1840 ·Ι·,
296 1762 523 1839 tragoriganum
545 1765 677 1838 sextam,
703 1781 824 1839 magma
853 1762 932 1821 croci
957 1761 1045 1826 3·1·.

17 1853 108 1916 istaec
132 1850 234 1910 omnia
256 1851 355 1926 pisato
379 1851 411 1908 in
433 1869 505 1910 vaso
529 1870 606 1910 novo
630 1854 662 1909 et
682 1871 822 1926 percerne
846 1854 876 1909 et
893 1850 1046 1925 potionem

46 1962 75 1998 ex
104 1959 185 2017 aqua
217 1941 314 1998 mulsa
345 1940 595 1999 medicamentum
627 1941 698 1998 dato
732 1943 805 2000 ets.
831 1959 852 1998 e.
880 1943 1045 2017 perungeto

47 2050 104 2088 eum
123 2049 142 2088 a
161 2048 244 2104 capo,
268 2032 299 2087 et
321 2029 364 2086 sic
386 2047 491 2087 sanum
513 2030 574 2088 fiet.
619 2048 685 2088 cum
711 2029 892 2104 perunxeris
914 2029 1046 2088 fn'oatio·

45 2119 123 2177 nibus
147 2118 248 2176 deesse
271 2118 381 2192 nolito,
409 2120 440 2176 et
467 2118 600 2176 ambulet
620 2119 689 2194 plus
716 2119 814 2177 minus
836 2119 919 2177 mille
942 2137 1046 2194 passus

47 2208 141 2265 diebus
165 2209 287 2282 septem,
311 2207 389 2265 siout
411 2225 501 2282 supra
524 2225 545 2266 s.
571 2225 592 2265 s.
617 2210 669 2266 est.

15 2323 35 2362 ω
104 2295 203 2354 XXIV
225 2296 271 2354 De
294 2295 397 2354 morbo
421 2294 579 2356 subrenali.
626 2297 651 2354 si
675 2296 754 2371 quod
780 2297 948 2355 iumentum
970 2316 1047 2355 mor·
1065 2291 1125 2348 464

46 2385 109 2442 bum
139 2384 327 2443 subrenalem
349 2383 500 2458 habuerit,
532 2384 612 2460 quod
639 2384 746 2444 vitium
776 2405 880 2463 graece
913 2386 1047 2444 nefreten

47 2473 218 2549 appellatur,
242 2473 337 2531 latine
360 2472 529 2548 subrenale,
553 2473 638 2550 signa
662 2477 749 2532 erunt
771 2475 853 2533 haee.
897 2473 1047 2550 protrahit

46 2563 218 2635 posteriores
241 2563 331 2637 pedes
359 2564 390 2620 et
419 2561 578 2636 strepitum
601 2563 639 2620 ab
668 2563 858 2621 inferioribus
887 2562 961 2621 locis
983 2561 1048 2619 red-

48 2651 108 2725 det,
136 2654 166 2710 et
188 2670 257 2710 oum
279 2651 398 2726 prodire
427 2651 567 2726 incipiet,
601 2652 743 2729 impingit
772 2669 834 2711 sese
863 2653 898 2709 de
924 2650 1048 2724 pariete.

17 2740 71 2804 essi
108 2758 208 2799 recens
244 2740 348 2814 fuerit,
386 2739 534 2815 impinget
561 2742 592 2797 ot
618 2759 678 2799 non
714 2741 813 2814 cadet,
846 2740 892 2797 sin
934 2739 1048 2797 dierum

49 2830 162 2904 septem,
185 2828 311 2903 incipiet
333 2828 445 2906 cadere,
470 2847 536 2887 oum
559 2829 712 2888 ambulare
732 2828 830 2888 vellet.
876 2827 924 2885 hic
948 2830 1049 2886 autem

47 2917 159 2976 morbus
187 2937 255 2976 cum
284 2917 437 2992 inciderit,
468 2917 509 2976 sio
539 2937 606 2975 eum
637 2917 762 2976 curabis
807 2935 875 2975 ures
907 2937 973 2975 eum
996 2936 1049 2991 per
1067 2915 1125 2971 doe

47 3008 122 3064 totos
139 3006 255 3065 lumbos
273 3024 366 3081 usque
386 3006 424 3063 ad
442 3005 591 3064 vertibula
609 3007 786 3080 lumborum,
804 3005 918 3064 vesicae
937 3007 1049 3081 puncta

47 3112 104 3150 non
129 3095 195 3170 plus
225 3097 295 3152 24οῐ
324 3094 448 3153 alternis
478 3095 572 3153 dorsis
603 3095 713 3172 digitos
742 3097 818 3170 tres,
849 3095 965 3153 ordines
989 3097 1049 3152 tres

116 3342 146 3389 11
163 3338 247 3406 tamn
262 3340 295 3389 14
314 3337 398 3389 extan
411 3337 420 3404 ΙΙ
435 3340 469 3389 20
483 3352 568 3403 supro
583 3339 636 3400 38,·
654 3335 689 3388 Η
699 3339 769 3400 100;
792 3335 989 3405 Ve9.181123
1007 3335 1051 3389 in·

50 3403 190 3461 tenoribus
208 3424 295 3476 sopra
317 3408 326 3476 ΙΙ
347 3412 382 3458 24
400 3422 460 3460 sese
479 3406 514 3459 de
531 3407 641 3474 scripsi:
664 3421 692 3459 ee
712 3406 759 3459 sed
779 3408 820 3473 et;
840 3407 875 3461 de
893 3406 1001 3476 pariete
1020 3405 1051 3459 in

50 3475 177 3541 parietem
200 3495 286 3546 sopra
304 3480 313 3547 Η
332 3483 366 3530 25
384 3477 468 3531 cadet
494 3477 537 3530 sir‘r
561 3479 612 3532 sio:
639 3476 663 3530 si
685 3484 758 3532 non?
787 3478 837 3532 sed
855 3485 987 3533 numero?
1015 3478 1049 3544 of.

50 3561 71 3610 p
96 3552 150 3616 154,
160 3553 195 3604 30
213 3549 222 3621 tt
240 3554 274 3604 28
295 3550 324 3602 et
340 3547 451 3602 vesicae
469 3564 555 3615 sopra
