2462 3906
61 253 63 256 ,
154 181 220 246 278
340 179 623 236 MULOMEDIOINA
641 179 810 236 OHIRONIS
830 187 970 238 scr-seo

152 332 255 408 aequis
286 331 465 407 ponderibus
496 331 528 389 in
558 352 615 393 uno
642 332 778 392 conteris.
824 333 881 392 hoc
910 331 1000 391 uberis
1026 329 1062 389 ad
1093 329 1162 390 vul-

152 440 225 481 nera
248 419 478 496 emplastranda.

75 509 133 565 997
219 510 514 570 tetrafarmccum
555 509 597 568 sic
637 510 817 585 componito.
871 510 987 569 resinae
1025 509 1166 568 dicamen

83 652 90 660 .
147 617 175 689 p
198 598 285 677 libra,
308 617 392 658 cerae
414 616 439 686 p
462 598 549 675 libra,
571 597 703 666 medulla
724 599 845 661 cervina
867 616 892 688 p
911 614 942 674 s,
965 599 1025 674 sepi
1046 597 1168 666 taurini

145 707 175 777 p
204 703 245 765 ς,
286 687 344 747 olei
375 687 525 749 lentiscini
557 687 637 764 quod
668 688 741 752 satis
768 687 868 748 fuerit.
913 689 969 748 boc
995 687 1089 748 uberis
1126 687 1167 746 ad
1195 707 1207 746 a

146 777 305 840 cicatrices
328 776 516 840 claudendas.

220 871 352 934 chloram
374 869 417 931 sic
435 888 601 948 compones.
638 871 755 932 resinae
773 870 878 932 fricius
896 889 921 960 p
939 871 1025 946 libra,
1047 869 1171 930 resinae

152 961 308 1024 dicamiuis
329 979 355 1050 p
373 961 459 1038 libra,
482 961 633 1039 aeruginis
654 979 680 1050 p
703 961 728 1038 S,
751 981 835 1022 cerae
857 979 882 1050 p
901 961 990 1035 libre,
1012 959 1077 1036 sepi
1100 963 1173 1018 tau·

153 1052 212 1110 rini
233 1068 258 1139 p
281 1051 369 1126 libra,
392 1050 450 1110 olei
474 1048 597 1126 cyprini
620 1051 707 1127 quod·
722 1050 795 1112 satis
818 1050 918 1110 fuerit.

70 1137 135 1194 ’998
220 1140 323 1199 licium
345 1139 387 1198 sic
406 1138 567 1215 componis.
611 1139 703 1200 foecis
722 1158 800 1216 quoe
822 1158 903 1215 aqua
925 1139 1011 1202 cocis
1032 1136 1211 1215 tetigeritis

152 1242 193 1290 aa
215 1228 270 1287 XV
302 1246 410 1307 coques
436 1228 476 1287 ad
502 1227 621 1304 bertius,
649 1228 734 1288 addis
760 1228 884 1289 herbam
916 1231 1112 1292 centauream
1143 1229 1175 1284 et

150 1317 194 1376 ita
225 1317 396 1393 permiscito
428 1319 458 1378 et
490 1317 598 1378 adicies
631 1318 670 1376 ed
701 1317 798 1379 mellis
831 1316 1072 1380 crassitudinem.
1126 1315 1173 1374 its

150 1409 233 1466 utere
257 1406 296 1464 ad
317 1407 442 1465 vulnera
465 1406 606 1470 recentia.

217 1494 449 1554 Erasistratcum
470 1495 618 1570 liquidum
641 1495 683 1554 sic
701 1495 881 1571 componito.
915 1495 994 1554 aeris
1017 1494 1174 1558 combusti

150 1583 172 1652 ἦ
194 1583 238 1660 Π,
264 1603 383 1644 murrae
410 1586 431 1652 ἢ
453 1583 482 1660 Ι,
507 1584 588 1644 croci
612 1597 629 1655 3
653 1598 689 1659 s,
717 1584 835 1660 anisum
857 1585 971 1644 tostum
993 1587 1016 1656 9
1039 1583 1067 1658 Ι,
1090 1584 1208 1643 acrisia

149 1673 210 1732 usti
234 1677 257 1747 9
283 1674 306 1732 Ι.
350 1673 424 1734 haec
454 1673 554 1732 omnia
584 1672 729 1734 conterite
760 1693 795 1732 ex
822 1673 906 1750 vino,
935 1673 981 1732 ita
1007 1672 1106 1734 facito
1142 1673 1174 1732 in

30 1760 128 1819 156¹a
150 1763 293 1823 mortario
311 1762 387 1838 ipso,
405 1760 510 1824 deinde
527 1761 677 1824 inlimdito
699 1758 756 1838 [in]
775 1762 856 1837 passi
874 1761 1014 1836 eminam,
1033 1756 1039 1838 Ι
1063 1761 1174 1823 deinde

150 1851 301 1911 exinanito
324 1851 360 1910 de
378 1850 521 1911 mortario
541 1853 572 1910 et
587 1851 695 1912 coiciic
714 1851 746 1908 in
764 1849 936 1926 plumbeabo
961 1850 1057 1909 etita
1077 1854 1174 1912 utere.

150 1941 189 2000 ad
206 1943 337 2003 tumores
357 1944 387 2000 et
403 1939 443 2000 ad
460 1939 673 2015 lippitudinem
689 1943 825 2018 veterem,
843 1939 876 1998 in
888 1938 1043 2015 palpebris
1060 1958 1174 2016 aspero

150 2032 180 2087 et
202 2048 393 2105 quaecunque
416 2029 539 2088 vulnera
556 2029 677 2087 fuerint.
722 2049 758 2090 ex
775 2047 811 2088 eo
833 2028 1123 2090 medicamento...
1185 2047 1207 2088 n

73 2111 133 2170 999
217 2117 256 2175 ad
278 2117 396 2194 linguas
419 2120 549 2178 vexatas.
589 2118 659 2176 ihus
681 2118 854 2193 masculum,
877 2136 1005 2194 crocum,
1028 2119 1173 2192 cassiam,

148 2224 289 2282 murram,
310 2207 440 2266 resinam
462 2206 669 2266 terbentinam.
714 2207 787 2268 hacc
809 2207 911 2272 omnia
932 2206 1008 2266 trita
1029 2205 1109 2269 bene
1137 2228 1173 2267 ex

149 2295 237 2354 melle
260 2298 403 2355 conteres,
449 2315 484 2354 ex
507 2315 540 2355 eo
563 2295 779 2358 medicamento
1214 2336 1222 2387 Ι

216 2383 465 2445 medicamentum
482 2384 522 2442 ad
539 2384 673 2458 vulnere,
691 2403 768 2461 quae
786 2385 837 2444 vix
853 2387 1008 2446 cocuabur.
1042 2404 1172 2445 murrae
1215 2398 1221 2463 j

150 2475 181 2531 et
209 2473 278 2532 thus
306 2473 472 2531 masculum
501 2475 532 2531 et
558 2473 731 2550 pompoliga
758 2491 794 2532 ea
816 2473 886 2534 vino
913 2492 992 2535 noso
1019 2473 1100 2534 crite
1129 2475 1171 2534 ad
1184 2472 1230 2557 a}

149 2562 257 2622 vulnus
284 2561 429 2624 discolum
454 2562 511 2623 hoc
537 2562 631 2625 uteris
653 2562 877 2622 medicamento.
926 2564 957 2622 et
984 2561 1023 2622 sd
1045 2562 1172 2624 intesti—
1215 2594 1222 2645 l

150 2670 256 2710 norum
277 2654 419 2726 rupturas
441 2651 523 2712 fecii.

77 2734 136 2790 999
220 2740 500 2816 compositiones
523 2739 749 2801 colliriorum
773 2739 994 2802 fistularum

217 2829 365 2888 collirium
386 2828 562 2889 fistularum.
594 2829 848 2907 auripigmentum
869 2828 937 2916 pl,
965 2827 1066 2890 nisum
1094 2846 1119 2918 p
1145 2829 1171 2904 Ι,
1225 2855 1228 2882 2

151 2918 324 2996 aeruginem
344 2935 370 3006 p
393 2918 422 2993 Ι,
444 2918 522 2978 fecla
546 2915 699 2992 Campana
718 2935 744 3066 {a
767 2917 783 2976 Ι
806 2936 873 2976 cum
900 2935 980 2992 equa
1003 2917 1209 2980 caelestem
1226 2969 1229 2982 ,,

152 3006 232 3081 quod
255 3007 329 3064 sabis
352 3006 417 3065 erit.
447 3027 483 3065 ex
506 3025 540 3066 eo
564 3007 695 3067 collirios
731 3005 792 3067 cois
816 3009 846 3065 et
869 3005 1003 3080 siccabis.
1215 3006 1221 3019 '

219 3094 367 3154 collirium
388 3095 530 3154 fistulare.
576 3095 712 3155 calcitem
733 3112 758 3184 p
781 3094 872 3171 libra,
902 3094 1055 3172 aeruginis
1078 3113 1106 3185 p
1128 3096 1168 3170 II,
1215 3056 1223 3209 Ξ

224 3337 240 3386 3
264 3333 357 3387 dicam
374 3335 414 3389 sie
427 3335 466 3402 ΙΙδ
486 3335 522 3389 ad
541 3335 686 3390 cicatrices
706 3335 878 3390 claudendas
897 3337 929 3389 in
946 3335 1005 3390 cod.
1023 3335 1062 3388 od
1081 3335 1165 3390 medi-

153 3409 305 3482 caecatum
320 3406 478 3471 proximam
491 3408 611 3476 pertinet
623 3409 663 3477 ly8
682 3406 840 3477 eligaminis
854 3408 863 3476 ΙΙ
883 3412 916 3460 10
935 3405 1004 3461 fecis
1025 3422 1059 3460 ue
1077 3409 1082 3478 Ι
1099 3407 1165 3462 teti-

153 3475 246 3538 genna
263 3475 272 3540 ΙΙ
296 3479 329 3526 14
347 3473 563 3535 Erassisbrabum
581 3480 590 3547 ss
615 3483 647 3532 19
665 3495 703 3548 eq.
723 3479 761 3534 ad
778 3480 902 3536 tumores
913 3495 985 3532 -m
1024 3476 1165 3534 ‘camenae

153 3540 182 3606 (l.
196 3543 243 3609 23)
260 3559 320 3596 crea
337 3545 403 3598 cerie
421 3554 536 3604 marcac
553 3551 563 3619 ΙΙ
581 3554 613 3604 91
633 3548 726 3618 liguas
744 3551 801 3619 1195
822 3548 1004 3621 pompoliagc
1024 3549 1076 3620 let
