2470 3902
210 205 492 262 MULOMEDICINA
511 207 679 263 CHIRONIS
698 213 837 262 385-386
968 209 1029 272 117

44 355 170 416 infundes.
221 359 299 434 quod
333 359 357 417 si
386 377 446 417 non
473 359 624 435 habueriS,
659 359 780 418 sulfmis
807 358 894 434 311,
926 361 1031 419 aristo-

43 443 124 522 logiae
145 445 166 509 5
184 445 216 504 ·Ι·
240 447 343 505 eodem
365 446 452 506 modo
476 448 556 507 dato.
601 447 666 506 cibo
690 449 791 507 autem
814 448 941 506 maxime
965 448 1031 506 dili-

41 534 138 608 gendus
165 538 223 610 est,
252 539 287 594 ut
312 535 423 594 habeat
448 537 669 594 nutrimentum.
714 536 821 595 vitium
851 534 898 610 [ut
925 534 1028 612 etiam]

40 621 276 683 ambulationibus
298 625 413 684 lenibus
441 645 507 684 cum
532 625 624 684 etiam
646 627 761 700 ruperit
783 644 827 699 se,
854 627 936 684 utere
964 645 1031 684 oau-

19 711 137 770 steribus
160 715 238 771 circa
260 716 363 788 pectus
386 716 512 789 oportet.

91 800 158 859 XLI
180 801 225 860 De
239 803 381 880 podagra.
409 804 434 861 si
449 803 529 878 quod
541 803 707 861 iumentum
724 802 918 880 podagricum
931 803 1031 878 fuerit,
1050 803 1108 859 385

36 890 111 965 signa
128 892 216 948 erunt
232 891 315 950 haec.
347 895 425 950 stare
444 910 504 950 non
517 894 616 967 potest
634 910 687 950 nec
706 891 866 967 ambulare,
885 891 936 951 sed
953 893 1032 950 elau-

34 975 135 1036 dicabit
158 979 318 1054 aliquando
343 982 374 1038 et
396 981 518 1040 alternis
541 981 673 1056 pedibus,
697 983 727 1038 et
752 981 879 1056 proiciet
901 999 932 1040 se
952 980 1032 1039 simi-

33 1065 102 1140 liter,
125 1071 271 1143 tanquam
297 1069 348 1144 qui
367 1070 488 1128 ordeum
510 1070 598 1128 nimis
622 1069 776 1144 acceperit.
806 1069 854 1128 oui
871 1068 928 1126 tali
945 1070 1031 1128 vehe-

4 1158 138 1214 umeuter
165 1157 320 1216 dolebunt,
363 1159 411 1217 oui
434 1159 458 1217 si
480 1158 605 1234 palpare
633 1157 775 1233 volueris,
806 1177 866 1217 non
897 1159 1033 1233 patiatur

31 1243 133 1304 doloris
156 1246 273 1320 aliquid
294 1246 434 1306 beneficio
457 1247 545 1306 huius
574 1247 708 1322 rationis,
736 1247 807 1305 dum
828 1247 978 1305 interdum
1000 1247 1032 1304 in

29 1335 120 1392 totunm
146 1335 224 1392 nihil
251 1338 422 1411 concoquet.
472 1338 502 1394 et
530 1336 683 1394 horridum
715 1337 746 1394 et
772 1337 888 1395 fervens
919 1335 1031 1396 habens

28 1424 119 1480 totum
143 1441 249 1498 eorpus
277 1426 378 1498 sudet,
404 1429 430 1483 et
456 1425 620 1499 superiores
643 1425 706 1483 eius
730 1444 823 1484 venae
854 1426 971 1499 extant,
1002 1427 1033 1484 et

27 1511 153 1569 testiculi
183 1513 245 1570 eius
273 1513 395 1571 subinde
419 1513 528 1572 salient
550 1513 687 1588 altemis‚
714 1516 864 1572 veretrum
890 1514 1033 1589 prooadet

5 1602 53 1656 aet
75 1599 200 1658 subinde
219 1601 340 1679 arriget,
363 1602 534 1678 etpedibus
552 1602 758 1678 inaequalibus
778 1604 847 1676 stat,
872 1604 901 1660 et
920 1604 1031 1661 stercus

26 1688 52 1744 in
80 1689 204 1766 ungulis
232 1691 294 1749 eius
320 1691 445 1749 haerent
475 1694 598 1766 propter
628 1691 752 1749 nimiam
779 1691 1031 1764 excalfactionem,

26 1777 271 1851 quemadmodum
289 1778 438 1838 subtricio.
462 1781 503 1839 sic
522 1800 589 1838 eum
605 1772 607 1860 1
625 1780 750 1839 curabis.
772 1800 832 1838 non
846 1779 969 1855 patieris
1002 1777 1167 1838 386127'a

26 1885 88 1924 eum
108 1867 291 1943 accumbere,
313 1871 343 1926 et
361 1887 448 1946 coges
467 1889 534 1926 eum
553 1868 704 1926 ambulare
722 1869 947 1944 perminutatim
965 1868 1030 1925 loco

24 1957 99 2014 tecto
118 1974 224 2030 usque,
247 1956 338 2016 donec
357 1957 452 2030 sudet,
471 1960 501 2015 et
519 1957 676 2016 defiioabis
695 1978 762 2016 eum
780 1957 915 2016 manibus
933 1959 1031 2015 totum

1 2059 142 2120 ucorpus,
172 2043 265 2104 donee
290 2046 438 2121 persudat.
484 2047 659 2124 sanguinem
682 2047 710 2104 ei
732 2047 869 2106 detrahes
893 2065 911 2104 a
934 2045 1031 2121 capite

23 2132 54 2190 de
82 2133 287 2208 superioribus
314 2135 411 2209 venis,
439 2136 489 2194 sed
516 2135 580 2194 noli
606 2135 740 2193 multum.
788 2137 818 2193 et
842 2136 951 2194 iterum
977 2155 1031 2210 per

22 2221 79 2281 dies
104 2221 167 2280 VH
191 2223 365 2299 sanguinem
393 2224 428 2281 de
453 2224 667 2299 posterioribus
694 2223 767 2283 locis
796 2225 912 2284 emittes
941 2242 1030 2299 supra

20 2311 96 2370 talos
123 2313 153 2369 et
177 2310 212 2368 de
237 2312 351 2388 gambis
375 2313 446 2386 eine,
470 2315 501 2370 et
523 2313 585 2370 noli
607 2313 743 2390 multum,
770 2313 819 2372 vel
842 2312 932 2373 desub
957 2314 1031 2389 ipsis

90 2505 105 2551 1
127 2514 167 2567 sq.
188 2497 384 2552 aristolochiae
402 2497 515 2553 unciam
534 2498 617 2553 semis
640 2500 702 2569 ch.
717 2502 756 2570 113
774 2499 940 2555 iumentum:
961 2515 1030 2554 corr.

25 2569 98 2640 νιος
121 2573 154 2623 ut
173 2568 279 2622 habeat
297 2568 533 2641 <ad>iumentum
550 2569 664 2625 virium:
684 2572 727 2624 uti
745 2571 832 2626 etiam
852 2616 857 2626 .
877 2614 883 2626 .
903 2570 1029 2624 ambula-

21 2640 146 2694 tionibus
166 2639 277 2693 lenibus
292 2639 459 2714 <oportet>:
479 2659 542 2695 cum
560 2641 647 2696 etiam
665 2642 772 2712 ruperit
791 2659 833 2711 se,
854 2685 903 2696 ...
922 2643 1028 2711 peetus.

20 2711 45 2762 B
58 2715 99 2781 16
126 2711 321 2781 Ve9.11153;
339 2711 374 2764 H
389 2717 443 2766 164
459 2714 463 2782 1
479 2729 515 2781 sq.
533 2711 662 2786 ποδάγρα
681 2713 706 2766 εί
724 2710 837 2782 ἐμπέσοι
855 2711 947 2781 ίππος,
967 2711 1030 2766 obus

21 2781 137 2837 ἑστάναι
156 2781 276 2836 δάναται
295 2781 358 2836 οίίτε
376 2791 552 2852 accinerato,
576 2783 645 2837 άλλά
667 2782 862 2839 κατακλίνεται
880 2783 976 2844 ἐοικὼς
992 2786 1030 2856 τῷ

20 2849 217 2922 κεκροθιακότι
240 2853 289 2907 καί
313 2851 386 2908 ἔστιν
408 2851 559 2922 ἀνόρεκτος
581 2855 651 2922 πρὸς
673 2863 732 2910 πᾶν
754 2855 785 2909 τό
804 2853 1030 2924 προςφερόμενον

19 2927 64 2978 καί
83 2924 120 2978 τό
139 2921 228 2992 στόμα
246 2926 333 2993 (σῶμα
353 2924 466 2993 Obiroa)
484 2925 592 2994 θερμὸν
613 2925 733 2996 ἔχεικαὶ
752 2925 910 2995 κατάξηρον
932 2923 983 2992 τήν
1001 2943 1030 2978 τε

20 2995 153 3068 ὑπερῴαν
171 2991 315 3063 μετέωρον,
335 2993 367 3049 οῗ
379 3014 409 3049 τε
428 2995 518 3066 ὄρχεις
536 2997 622 3050 αὐτοῦ
642 2995 804 3052 ἐντέλλονται
822 2995 937 3060 ἐναλλὰξ
957 2992 1026 3049 καθ’

20 3064 65 3120 ἕνα
86 3066 139 3120 καλ
159 3063 175 3118 ὁ
193 3065 295 3128 καυλός
313 3064 462 3134 προπίπτει
480 3067 529 3122 καί
548 3065 700 3136 ἐπαίρεται,
719 3067 768 3122 καί
790 3066 818 3120 οἱ
840 3065 926 3129 πόδες
948 3065 978 3121 ἐν
996 3074 1029 3136 τῇ

19 3137 112 3192 στάσει
126 3136 390 3207 προςλαμβάνονται
408 3136 443 3191 τὰ
456 3135 560 3206 κόπρια
574 3137 623 3194 διὰ
641 3139 692 3208 τὴν
705 3139 829 3206 πόρωσιν
844 3138 881 3200 ὡς
894 3138 942 3192 καί
957 3137 987 3192 ἐν
996 3145 1029 3207 τῇ

17 3205 178 3278 όποτρόψει.
193 3211 203 3277 11
218 3213 251 3260 10
264 3208 398 3278 palpebre
412 3211 421 3278 11
436 3215 468 3262 12
482 3209 620 3264 torridum
630 3211 657 3264 B
670 3212 679 3279 11
695 3215 727 3262 13
742 3211 771 3262 et
785 3211 848 3263 suet
861 3208 1028 3278 superiores:

16 3281 132 3334 aestuet
149 3277 250 3348 Β1121
269 3295 306 3348 sq.
326 3280 374 3333 καί
391 3278 476 3335 πάλιν
495 3278 533 3334 δι’
550 3281 659 3350 ἡμερῶν
680 3279 748 3334 ἑπτὰ
768 3279 871 3334 ἐκτῶν
891 3277 1029 3334 ὀπισθίων

14 3349 150 3406 ὑποκάτω
165 3359 222 3406 τῶν
234 3351 362 3420 ἀγκαλῶν
375 3349 454 3419 παρά
467 3352 532 3413 τοὺς
545 3349 735 3420 ἀστραγάλους
750 3351 878 3414 ὡσαότως
892 3350 929 3420 μὴ
943 3353 1029 3421 πολλῇ

14 3431 47 3494 τῇ
71 3419 153 3492 ῥύσει
174 3419 204 3475 tc
223 3439 252 3475 τε
270 3430 325 3476 τῶν
344 3416 523 3490 ἐμπροσθίων
541 3425 598 3492 1121
617 3439 673 3476 non
691 3421 811 3475 multum
834 3422 895 3492 ch.
910 3425 966 3492 1122
987 3438 1030 3475 se-

13 3492 116 3618 queppti
136 3494 207 3617 (eive.
228 3492 264 3562 Il)
289 3491 334 3546 die
357 3492 418 3564 Vey.
442 3496 451 3562 11
481 3499 515 3546 23
544 3493 628 3548 tertio
655 3494 689 3547 de
712 3493 822 3564 gambis
857 3493 918 3564 ch.
946 3496 949 3565 1
973 3510 1030 3547 non

12 3581 61 3617 mu
90 3582 138 3616 um
188 3581 226 3634 ep.
