2470 3902
217 166 500 222 MULOMEDICINA
519 165 689 222 cainonis
708 173 849 222 996-999
972 166 1034 231 121

40 317 149 391 qnidam
173 318 276 376 dicunt
303 317 442 393 spiritum
469 318 571 393 spinae
598 317 692 393 ipsius
718 335 788 376 esse.
835 317 956 393 quidam
979 337 1036 376 em·

41 406 144 484 fragma
175 406 338 483 appellant.
382 407 414 464 in
445 426 504 482 quo
527 407 601 465 vitio
634 406 755 482 quidam
784 407 826 466 sic
856 411 1038 481 succurrunt,
1057 407 1114 463 996

40 498 66 552 ut
82 495 245 554 clisterient
268 515 318 554 eos
340 515 394 571 per
416 514 513 555 anum.
557 513 674 554 curam.
690 497 888 554 ..cucumeris
912 498 1037 573 agrestis

39 584 157 642 redicem
181 587 336 644 contusam
359 585 389 642 et
411 585 474 643 eius
493 603 595 644 sucum
613 603 782 660 expressum
801 583 839 641 ad
858 585 971 643 cotulas
990 585 1037 642 ΠΙ

21 676 62 730 eet
82 674 184 731 vinnm
206 673 393 731 tantumdem
416 676 447 731 et
469 673 528 732 olei
551 673 682 732 cotulam
704 673 736 730 ·I·
760 675 790 730 et
812 672 952 732 admixtis
976 692 1036 732 om-

39 761 113 820 nibus
137 763 180 821 sic
203 763 295 821 uteris
319 765 349 820 et
370 781 423 837 per
446 781 478 821 os
501 762 659 821 suffimdes.
695 762 748 820 alii
767 761 886 836 quidem
909 764 939 819 et
960 763 1038 821 hano

39 852 245 910 succursionem
268 851 552 910 demonstraverunt
593 852 704 910 stercus
728 849 928 909 columbinum
953 863 993 925 (η
1006 851 1036 907 ·I·

39 939 77 996 vel
105 940 286 1016 gallinarum
316 940 544 999 domesticarum
572 940 717 998 macerari
746 940 778 997 in
800 940 870 998 vino
900 939 1038 997 dixerunt

39 1031 62 1084 et
87 1028 218 1086 admixto
250 1028 329 1087 nitro
361 1029 514 1104 potionem
545 1028 624 1086 dare.
670 1031 700 1086 et
731 1029 787 1086 hoc
819 1030 919 1086 autem
950 1027 1037 1086 bene-

16 1115 138 1194 uficium,
171 1119 207 1174 ut
233 1117 356 1175 nitrium
383 1119 539 1176 contusum
568 1117 642 1175 bene
669 1117 701 1174 in
730 1117 794 1176 cibo
823 1117 850 1174 ei
879 1116 973 1191 dabis,
1003 1137 1038 1174 ex

39 1224 87 1278 quo
106 1209 135 1264 et
153 1205 333 1282 potionabis,
356 1225 392 1264 ex
414 1205 479 1264 oleo
503 1209 533 1264 et
560 1224 638 1281 aque
661 1206 768 1264 mixto:
790 1205 919 1281 prodest.
966 1223 1036 1265 cave
1055 1204 1112 1260 397

38 1313 67 1350 ne
89 1295 154 1369 quis
178 1314 246 1352 eum
268 1295 406 1354 molestet
430 1298 459 1353 et
482 1295 520 1353 a'd
543 1295 676 1353 laborem
698 1298 751 1352 aut
776 1314 812 1352 ne
840 1295 958 1372 iungat,
987 1294 1037 1354 sed

38 1382 192 1441 inambulet
214 1384 439 1459 perminutatim
467 1386 496 1442 et
522 1383 577 1442 fiat
604 1384 631 1440 ei
653 1383 791 1458 frequens
819 1383 974 1442 defricatio
1003 1402 1038 1442 ex

37 1471 97 1530 rino
120 1475 151 1530 et
174 1472 240 1531 oleo
269 1473 373 1531 calido.
420 1472 471 1531 sed
498 1471 722 1531 defricationem
745 1518 751 1529 .
776 1517 782 1529 .
806 1515 813 1530 .
836 1473 909 1531 facit
937 1476 1037 1532 autem

14 1560 148 1639 bethoc,
172 1561 198 1620 si
221 1561 341 1638 sanguis
365 1561 392 1618 ei
415 1561 451 1619 de
474 1561 568 1619 cauda
592 1561 766 1619 detrahatur
783 1559 902 1638 longius
921 1561 958 1618 ab
980 1580 1036 1620 ano

37 1647 129 1725 digitis
153 1651 209 1724 4⁰²,
232 1649 275 1708 ibi
298 1650 333 1708 de
357 1669 392 1708 ea
419 1667 495 1708 vena
523 1651 697 1727 sanguinem
724 1649 844 1708 emittis.
891 1652 960 1708 sunt
983 1651 1036 1708 alii

38 1738 155 1813 quidem,
179 1738 285 1814 quibus
308 1757 394 1797 nares
416 1741 521 1814 patent
544 1741 574 1796 et
597 1739 745 1813 suspirare
767 1756 827 1795 uon
849 1741 983 1813 possunt,
1006 1742 1037 1796 et

38 1825 168 1885 decidunt
189 1846 207 1884 a
229 1830 332 1885 ventre
356 1831 386 1886 et
408 1827 558 1886 lateribus.
595 1827 651 1885 hoc
675 1830 775 1885 antem
797 1825 905 1885 vitium
926 1827 1038 1884 incidet

38 1914 132 1974 ineos
160 1934 177 1972 1
205 1916 282 1975 sicca
306 1934 379 1975 esca.
426 1916 599 1976 subvenitur
621 1918 721 1973 autem
743 1916 805 1974 his.
821 1959 827 1972 .
843 1918 889 1973 .et
912 1915 948 1972 ad
971 1935 1036 1991 per-

13 2004 195 2061 ncurandum
217 2005 340 2065 herbam
361 2005 487 2063 viridem
510 2005 615 2063 offeras
639 2005 666 2061 ei
689 2023 794 2064 escam.

95 2093 175 2150 XLV
205 2093 251 2151 De
278 2094 474 2168 timpanitioo.
526 2094 551 2152 si
581 2093 661 2168 quod
690 2093 856 2151 iumentum
885 2093 1035 2169 tympani-
1053 2094 1111 2150 998

40 2180 122 2238 ticum
143 2182 242 2258 fuerit,
266 2183 352 2259 signa
371 2185 457 2240 erunt
474 2183 555 2241 haec.
591 2200 651 2240 non
669 2184 733 2239 tam
750 2181 877 2240 libenter
895 2182 1037 2241 cibariam

41 2271 145 2343 appetit
171 2289 224 2328 nec
254 2271 342 2328 facile
372 2271 482 2330 dormit
511 2289 565 2328 neo
594 2272 658 2328 tam
687 2271 814 2328 libenter
844 2271 932 2348 bibit,
964 2292 1036 2330 non-

40 2375 180 2432 nunquam
201 2359 256 2418 1111
279 2360 428 2418 subducet.
474 2360 607 2418 sineres
634 2359 760 2418 mundos
782 2359 932 2437 habuerit,
960 2361 1004 2419 ite
1028 2353 1033 2442 Ι
1060 2362 1165 2420 19711)

14 2445 66 2502 ain
92 2447 141 2506 illo
170 2467 236 2523 spes
265 2449 322 2506 erit
348 2448 476 2507 vivendi.
527 2449 568 2507 sio
600 2467 668 2505 eum
699 2447 815 2508 curabis
840 2498 845 2509 .
870 2495 876 2507 .
901 2495 907 2507 .
931 2449 1036 2508 deinde

42 2533 122 2592 eliam
151 2537 304 2612 potionem
335 2537 487 2596 decoctam
514 2537 611 2597 dabis:
651 2538 738 2613 ysopi
760 2538 911 2624 11911111,
944 2538 1037 2595 alium

42 2622 153 2682 viridem
182 2625 261 2700 quod
288 2627 361 2685 satis
388 2627 458 2701 erit,
485 2626 600 2700 palmas
623 2625 677 2682 XX
704 2644 840 2701 numero,
867 2627 1036 2703 fenugraeci

43 2711 123 2772 ciatos
143 2713 197 2788 VI,
220 2733 330 2790 aquam
352 2715 543 2773 cisterninam
561 2718 591 2773 et
608 2715 711 2774 vinum
729 2715 875 2790 optimum
893 2715 1036 2774 admisces

43 2800 139 2876 tepida,
160 2803 261 2861 triduo
284 2804 436 2878 potionem
458 2803 551 2862 dabis.

16 2901 35 2940 ³0
98 2889 190 2949 XLVI
213 2892 257 2950 De
280 2891 564 2968 praeobturationes.
610 2893 635 2951 si
659 2892 738 2967 quod
764 2891 928 2950 iumentum
950 2910 1034 2966 prae·
1053 2893 1110 2949 999

44 2977 241 2993 ἧ-

104 3030 116 3076 1
130 3041 167 3093 sq.
182 3024 322 3094 enflagma
335 3028 344 3095 fl
359 3031 392 3078 10
410 3023 577 3079 beneficium
596 3027 639 3079 est
656 3025 772 3079 nitriam
790 3027 818 3079 B
832 3028 841 3095 t
856 3031 889 3078 19
908 3027 940 3078 ut
957 3032 1009 3079 ne?
1027 3026 1037 3097 ll

46 3095 73 3143 11
89 3094 121 3147 ad
142 3094 372 3150 defricationem?
398 3098 408 3165 t
440 3101 472 3149 91
497 3095 559 3166 Vey.
588 3096 614 3149 V
628 3101 702 3162 2034
733 3099 742 3166 11
779 3102 812 3149 93
837 3096 861 3150 si
883 3113 933 3166 per
954 3112 1035 3150 nares

44 3176 124 3218 mucos
145 3167 268 3249 coeperit
289 3167 425 3235 emittere,
447 3167 651 3236 desperandum
672 3168 715 3221 est
736 3167 799 3221 add.
825 3167 1035 3249 9111195111-

45 3247 134 3311 morem
161 3239 291 3307 ptrsanae
319 3240 348 3291 et
375 3237 479 3292 defruti
511 3238 593 3291 binos
620 3238 736 3305 cyathos
760 3254 811 3307 per
834 3239 959 3292 triduum
987 3238 1035 3291 da-

45 3300 81 3356 bu
99 3307 204 3377 tepidos
232 3309 296 3364 add.
328 3309 390 3380 Vey.
421 3311 430 3378 ΙΙ
459 3314 493 3362 96
516 3308 582 3363 trie:
598 3335 631 3354 =
648 3308 774 3377 trientis,
803 3311 837 3377 cf.
861 3327 947 3378 capra
970 3313 1034 3378 144;

46 3376 127 3431 uncias
144 3383 264 3448 quatuor
286 3379 347 3449 Veq.
367 3383 376 3450 ΙΙ
397 3385 430 3433 98
449 3379 545 3434 vinum
564 3380 710 3435 odoratum
729 3382 809 3433 vetus
833 3380 893 3451 Vey.
915 3383 925 3450 t
946 3385 980 3433 30
997 3398 1034 3450 sq.

46 3443 74 3495 Η
87 3453 134 3504 146
155 3448 352 3522 ἐμφράγματος
375 3451 527 3521 γενομένου
551 3459 650 3519 σημεῖα
673 3449 748 3506 τάδε.
790 3450 878 3519 οὐρὰν
901 3452 1035 3506 ἀποτετα-

47 3513 119 3588 simu
137 3521 196 3594 ἔχει,
216 3519 354 3592 ῥώθωνας
373 3519 584 3590 ὃιεσταλμένους
606 3522 654 3576 καὶ
668 3527 705 3593 τῷ
719 3523 787 3576 noel
804 3524 900 3577 τύπτει
918 3523 969 3592 τὴν
984 3532 1036 3593 γῆν
