2512 3906
428 153 641 208 PRAEFATIO.
977 153 1043 208 xlx

41 305 176 365 discamus
196 307 231 364 de
251 317 384 366 sermone
402 306 511 366 Latino
529 307 649 380 rustico,
668 325 726 382 quo
745 305 792 366 usi
814 307 875 366 sint
897 306 1041 366 muliones

39 395 109 453 circa
140 413 251 453 annum
283 396 348 454 400
376 415 404 470 p.
433 393 499 454 chr.
521 392 570 453 n?
624 413 698 470 quos
730 395 854 455 lectores
885 394 1042 454 benevolos

39 501 110 560 rogo,
137 486 173 542 ut
200 484 312 542 indices
336 483 475 542 editionis
498 502 581 542 meae
604 483 758 542 adiunctos
781 484 891 542 adeant
913 483 1042 559 locuple-

38 572 174 647 tissimos,
203 572 234 630 in
265 571 374 647 quibus
403 572 516 647 omnia,
546 591 622 647 quae
653 572 779 632 alicuius
809 573 951 631 momenti
979 589 1042 630 esse

38 659 215 735 videbantur,
253 659 307 720 sub
344 663 503 737 conspectu
537 661 632 736 posui.
690 660 837 720 indicibus
873 663 973 719 autem
1008 663 1043 718 ut

38 752 108 808 recte
125 752 251 808 utantur
268 749 359 808 velim
376 749 569 826 perpendant,
589 751 701 825 quanta
719 749 791 808 fides
809 748 918 808 codicis
941 749 1042 808 Mona-

37 838 123 897 censis
141 839 266 897 librario
284 839 315 896 in
332 839 505 897 uniuersum
521 837 658 896 habenda
676 839 725 914 sit,
743 839 828 897 cuius
843 841 938 896 artem
952 837 1041 896 celer-

38 927 104 984 rime
118 945 153 986 ex
165 927 272 986 tabula
285 926 452 1003 phototypa
467 927 542 986 calci
556 927 694 986 editionis
704 927 821 986 adiecta
831 926 1043 1004 cognoscimus.

40 1034 185 1090 expressus
208 1018 312 1074 autem
334 1015 434 1074 estin
456 1015 561 1074 tabula
583 1015 650 1075 finis
673 1015 743 1075 libri
761 1016 850 1091 primi
868 1013 1042 1074 Mulomedi-

40 1104 114 1162 cinae
137 1123 204 1164 cum
226 1104 443 1180 subscriptione
462 1107 493 1163 et
511 1121 578 1162 cum
596 1107 726 1180 quatuor
743 1105 830 1164 lineis
849 1104 954 1163 indicis
973 1101 1044 1162 libri

41 1193 165 1271 secundi,
187 1192 220 1252 id
244 1195 289 1252 est
311 1193 391 1251 infra
413 1213 442 1268 p.
463 1194 514 1266 18,
525 1193 665 1270 28-21,
677 1195 705 1251 1.
750 1211 887 1252 numeros
910 1192 1044 1268 capitum

41 1279 273 1358 Vegetianornm,
301 1300 377 1357 quae
404 1281 584 1358 respondent
610 1281 765 1356 ponticulis
796 1281 921 1360 singulis
948 1280 1044 1340 Mulo-

43 1371 209 1445 medicinae,
237 1371 270 1428 in
297 1371 417 1430 sinistro
446 1371 581 1448 margine
610 1370 737 1429 duarum
764 1370 980 1446 columnarum,
1008 1372 1046 1428 ut

45 1573 192 1644 coniungas.
229 1573 302 1628 libro
329 1573 356 1626 V
383 1573 458 1628 enim
485 1577 600 1643 peracto
628 1577 653 1644 (ξ
669 1575 731 1642 519)
758 1590 802 1628 rus
829 1574 871 1628 ita
899 1574 937 1627 ad
961 1573 1045 1627 finem

45 1643 117 1698 ducta
139 1648 190 1712 est,
213 1647 247 1698 ut
270 1646 462 1713 exspectemus
481 1645 578 1699 statim
598 1644 799 1712 ‘dinamidia’,
818 1661 891 1714 quae
908 1646 1045 1698 vocantur

45 1718 194 1786 (122012),
218 1719 348 1771 secutura
370 1731 431 1770 csse
454 1716 618 1785 apendicis
641 1717 711 1771 loco.
753 1719 849 1770 tamen
872 1731 939 1770 cave
961 1717 1044 1784 putes

45 1783 84 1838 lib.
101 1787 138 1840 VI
151 1805 211 1856 sqq.
236 1802 253 1841 a
275 1789 458 1841 retractatore
508 1786 591 1841 'unde
611 1790 719 1841 assutos
739 1803 799 1842 esse
817 1787 895 1856 operi
913 1785 1044 1856 genuine,

47 1857 82 1910 cui
102 1875 155 1911 non
177 1873 271 1927 pauca
292 1857 388 1927 capita
413 1874 506 1912 corum
526 1858 662 1914 librorum
679 1857 858 1912 vindicantur
875 1856 1044 1912 testimoniis

16 1929 18 1988 g
46 1925 143 1997 Vegetii
166 1931 252 1998 atque
274 1927 522 1998 Hippietricorum.
560 1931 645 1998 atque
668 1928 839 1999 farraginem
860 1927 1044 1998 plurimorum

17 2027 18 2040 κ
48 1998 307 2067 medicamentorum,
330 2000 442 2069 qualem
464 2003 627 2070 congestam
651 2000 770 2070 legimus
788 2001 818 2054 in
837 1999 885 2055 lib.
904 1999 943 2053 IX
962 2005 977 2066 ᾖ
993 2005 1044 2054 786

49 2075 137 2137 -226,
168 2071 215 2124 ‘in
245 2070 315 2126 fine’
347 2071 438 2140 operis
469 2070 631 2126 Chironiani
660 2071 747 2126 fnisse
776 2071 817 2124 Ve
838 2071 910 2126 etius
941 2071 1045 2124 diserte

49 2141 183 2196 confirmat.
212 2157 341 2196 mancam
360 2144 389 2197 et
442 2142 600 2196 rturbatam
619 2158 679 2196 esse
693 2142 816 2196 Mulome
838 2141 939 2197 ‘cinam
958 2141 1046 2196 ctiam

49 2210 101 2266 inde
113 2213 296 2283 cognoscitur,
313 2213 389 2281 qnod
462 2215 507 2268 tra
524 2214 690 2282 plerumque
708 2229 755 2268 eos
773 2213 850 2268 locos
868 2213 1045 2282 indagamus,

49 2282 77 2334 ed
92 2301 155 2351 qnos
174 2301 191 2338 a
210 2283 345 2354 scriptore
364 2284 534 2354 delegamus.
569 2284 655 2354 plane
671 2287 812 2354 repugnat
830 2301 893 2339 cum
911 2284 1045 2339 librorum

49 2353 129 2408 ordine
141 2355 226 2410 hodie
241 2355 402 2421 constituto,
421 2356 497 2423 quod
515 2355 566 2410 llll
585 2359 618 2409 80
638 2361 653 2422 ς
668 2360 718 2409 ‘101
738 2358 775 2424 (p.
791 2357 907 2424 220,19)
925 2355 1045 2425 legimus

50 2423 155 2480 ‘ceteras
185 2426 331 2495 passiones
363 2429 392 2480 et
419 2442 499 2480 ouras
525 2427 613 2481 totius
638 2426 761 2496 corporis
788 2426 818 2479 in
846 2426 944 2495 quinto
973 2425 1045 2480 libro

49 2494 220 2551 demonstravi
234 2497 449 2567 (demonstrabis
462 2497 556 2567 aab?
595 2497 690 2566 capita
704 2497 819 2567 genuini
833 2514 849 2551 c
871 2497 924 2552 eris
939 2499 1045 2566 quanta

49 2563 145 2634 luerint,
162 2567 347 2638 perspicimus
366 2584 400 2622 ex
417 2568 456 2621 m
476 2573 489 2620 1
511 2574 525 2634 ξ
542 2573 688 2622 115-228.
726 2567 813 2623 etiam
862 2567 901 2621 ‘bi
919 2584 953 2622 ex
971 2584 1045 2622 com·

49 2636 159 2703 pluribus
182 2639 311 2693 frustulis
333 2657 420 2693 unum
442 2641 530 2708 capnt
552 2639 705 2709 genumum
723 2654 856 2694 consuere
874 2639 950 2705 licet,
968 2637 1046 2692 velut

50 2705 130 2763 rr-e
144 2716 158 2776 s
174 2715 278 2764 rc-ee
293 2709 339 2780 (ef.
353 2729 381 2780 p.
396 2716 422 2777 e,
432 2710 485 2780 re.)
512 2710 551 2764 111
566 2715 669 2764 12—16
685 2716 700 2776 ς
715 2715 869 2774 aee-aur,
888 2708 926 2763 111
941 2712 1045 2762 ro-re

52 2784 211 2842 §284-296.
259 2781 351 2835 eidem
377 2781 570 2847 homuncioni,
598 2780 647 2850 qui
669 2781 755 2836 libros
779 2781 926 2836 constituit
948 2781 977 2833 et
1000 2795 1046 2832 ca-

52 2849 99 2915 pita
136 2867 219 2922 saepe
257 2851 344 2921 plane
383 2853 479 2920 inepte
520 2852 654 2906 dissecuit
694 2851 739 2923 (cf.
777 2868 799 2907 e.
831 2870 857 2922 g.
894 2869 921 2920 p.
951 2855 993 2915 15,
1011 2855 1044 2914 43

53 2927 129 2986 poss
142 2924 221 2993 sqq.),
240 2922 348 2977 indices
366 2923 493 2993 capitum
510 2923 608 2992 primis
625 2924 691 2978 octo
709 2923 789 2978 libris
807 2921 924 2992 praefixi
943 2919 1046 2974 deben-

27 2999 28 3002 ’
53 2991 93 3044 tur.
128 3011 196 3063 quos
224 3007 281 3062 qua
304 2993 427 3048 stultitia
449 2994 649 3064 composuerit,
673 2996 707 3048 ut
728 3008 893 3064 cognoscas,
919 2991 1045 3047 conferas

28 3053 30 3120 i
56 3061 120 3116 velim
132 3080 153 3119 e.
168 3083 194 3135 g.
210 3064 420 3134 inscriptionem
437 3065 488 3119 ‘de
502 3065 650 3135 diligentia
664 3065 813 3134 equorum’
833 3082 861 3132 p.
876 3068 962 3130 aaut
982 3080 1047 3117 curn

29 3153 31 3197 ;
57 3139 137 3202 pier,
151 3141 174 3190 9.
221 3137 342 3191 cundem
372 3135 464 3205 operis
495 3138 708 3191 retractatorem
739 3135 769 3189 in
799 3134 948 3204 prooemiis
980 3133 1047 3188 libri

59 3205 110 3258 sexti
129 3225 154 3276 p.
170 3212 273 3274 1⁵11,ss
298 3208 327 3262 et
349 3206 415 3262 libri
437 3206 531 3261 octavi
551 3226 579 3277 p.
595 3212 682 3274 2329
705 3207 867 3274 loquentem
892 3206 1046 3275 deprehen-

61 3271 135 3350 dimus.
162 3280 192 3332 at
205 3277 287 3333 initio
301 3277 535 3333 Mulomedicinae
549 3296 577 3347 p.
591 3283 661 3345 4,1a
681 3280 778 3331 auctor
791 3276 929 3346 genuinus
942 3277 1045 3346 prodit.

61 3347 173 3402 uterdum
192 3349 279 3403 etiam
296 3350 434 3419 Apsyrtus
452 3349 573 3418 primum
590 3349 705 3403 indutus
724 3351 767 3402 est
783 3363 943 3417 personam,
961 3351 995 3402 ut
1013 3362 1047 3400 ex

63 3409 218 3486 Hippurieis
241 3420 441 3490 intellegimus,
466 3420 500 3474 cf.
524 3424 671 3489 p.1or,4;
697 3424 959 3488 132,8;p.148,1.
997 3417 1047 3471 sec

64 3481 112 3542 heco
126 3491 249 3559 quaestio
268 3491 376 3546 altioris
394 3491 537 3561 indaginis
556 3493 606 3546 est.
