2474 3910
179 145 244 210 230
366 143 647 201 MULOMEDIOINA
666 142 835 199 cHIRONIs
854 149 993 198 ree-reo

179 314 366 357 consuescere
385 295 499 354 debent.
533 294 584 371 qui
602 296 704 354 tamen
722 293 747 354 si
765 293 797 352 in
813 293 1009 367 suffusionem
1025 292 1181 354 inciderint

178 385 227 444 vel
250 385 452 459 cretiaverint,
480 383 522 443 sie
549 386 690 445 curantur
716 383 835 442 recenti.
879 383 976 458 primo
1008 383 1059 440 die
1083 381 1131 442 vel
1152 383 1181 440 2⁰

179 474 300 552 sanguis
323 473 359 532 de
382 473 498 533 coronis
520 473 680 546 detractae,
703 475 785 532 sexto
809 472 856 530 die
878 471 935 532 hac
952 491 984 530 re
1003 489 1113 530 sanum
1130 469 1183 542 liet,

180 563 205 621 si
245 563 356 640 frigida
396 563 577 622 fomentetur
617 562 748 639 aestate,
789 563 890 619 tamen
929 559 1058 620 hiberno
1097 558 1183 618 ealda.

105 650 161 706 238
181 671 269 727 quern
291 651 440 712 abstinere
459 652 577 727 oportet
599 649 637 708 ab
660 649 749 710 ordeo
773 652 804 707 et
826 667 844 708 a
866 651 954 725 potu,
976 649 1025 708 cui
1050 649 1214 726 exiganme

177 743 337 816 utrumque
366 739 511 801 dabimus.
548 741 580 798 et
609 739 641 796 in
671 757 774 799 auram
803 741 924 799 maneat
954 740 1082 798 aestate.
1122 739 1185 796 tune

179 829 258 894 enirn
284 848 377 888 venae
405 829 613 905 constringunt
636 830 667 885 et
692 845 809 886 rursum
836 827 935 903 liquor
962 826 1124 904 sanguinis
1146 841 1186 884 ea·

179 919 251 977 loris
273 917 414 977 beneficio
437 917 470 976 in
491 916 615 992 pedibus
646 934 676 977 se
708 915 832 976 derivat.
878 918 909 974 et
939 933 1047 976 sanum
1079 915 1186 974 factum

178 1006 325 1083 paulatim
347 1006 522 1082 perplures
545 1005 607 1065 dies
630 1005 668 1065 ad
690 1005 749 1064 iter
769 1005 873 1066 redeat
895 1004 1068 1080 pristinum.
1111 1021 1187 1062 escae

178 1097 299 1161 modum
320 1094 523 1155 revocabimus
547 1095 653 1169 quarto
677 1093 724 1152 die
743 1093 791 1153 vel
805 1093 841 1151 V.
878 1093 1052 1154 sisuffusio
1077 1091 1187 1152 tardius
1198 1107 1217 1148 n

179 1205 214 1244 ex
237 1203 258 1243 s.
283 1203 304 1244 a.
329 1202 399 1244 cura
422 1185 556 1258 sanatur,
580 1183 612 1240 hi
635 1184 718 1257 eunt,
741 1182 848 1258 quibus
870 1183 939 1258 post
962 1182 1124 1258 sanguinis
1146 1181 1188 1238 de

178 1273 356 1332 tractionem
377 1271 410 1330 in
432 1271 554 1349 ungulis
572 1271 737 1330 fomentum
756 1271 873 1330 fervens
890 1270 1020 1331 tirrfuree
1039 1271 1096 1329 vel
1115 1267 1189 1328 ordei

178 1361 359 1438 imponitur,
387 1363 423 1419 ut
450 1360 505 1420 illa
534 1378 604 1436 pars
634 1359 787 1436 sanguinis
810 1362 951 1435 corrupta
977 1379 1030 1435 per
1057 1359 1189 1436 glaciem,

178 1450 210 1508 in
232 1449 346 1528 ungula
369 1449 487 1508 exclusa
510 1467 585 1524 quae
612 1451 829 1526 permanserat,
856 1449 953 1508 calore
980 1448 1081 1508 nimio
1105 1447 1189 1506 diseo

179 1539 254 1615 luta,
283 1538 320 1597 ab
343 1538 463 1616 ungulis
488 1537 614 1612 exclusa,
643 1557 697 1612 per
718 1555 809 1597 venas
835 1537 996 1614 digeratur.
1044 1537 1095 1596 ita
1119 1536 1217 1594 enimc

105 1625 160 1681 739
179 1646 283 1686 sanum
305 1627 370 1686 fieri
392 1629 498 1703 potest.
533 1627 559 1686 si
578 1626 629 1702 qui
648 1646 684 1684 ex
700 1627 757 1687 hae
775 1644 845 1686 cura
866 1623 922 1701 [et]
942 1625 1125 1703 diligentius
1138 1641 1189 1683 ss

179 1717 244 1780 sani
266 1717 330 1775 fieri
352 1734 413 1774 non
435 1715 600 1792 potuerint,
623 1714 777 1774 semissare
801 1732 850 1773 eos
873 1716 1005 1790 oportet,
1028 1715 1116 1773 sicut
1136 1714 1190 1771 iam

179 1809 283 1866 notum
310 1808 355 1865 est
382 1807 456 1881 aput
479 1822 579 1868 omnes
605 1803 808 1864 veterinariae.
844 1802 951 1861 melius
977 1805 1086 1862 autem
1109 1801 1190 1862 nimis

181 1894 348 1957 cretiatieoe
380 1892 562 1968 amabimus,
591 1892 617 1950 si
649 1895 820 1950 etremmam
851 1893 948 1950 totam
979 1891 1136 1952 calliciem
1160 1889 1189 1948 de

180 1983 301 2060 ungulis
319 1983 468 2042 tollamus.
491 1981 536 2040 ita
553 1999 615 2040 aon
632 1979 693 2040 iam
710 1980 837 2040 blateiat
855 1979 976 2058 sangine
994 2000 1030 2038 ex
1056 1979 1218 2040 omnibusa

181 2071 263 2131 venis
286 2071 318 2130 in
340 2070 473 2146 pedibus,
496 2088 572 2145 quae
596 2072 665 2129 sunt
687 2069 811 2144 solutae,
834 2070 865 2126 et
886 2069 1016 2146 ungulae
1040 2068 1190 2138 circuitus,

182 2177 258 2234 quae
282 2159 506 2234 constrinxerat,
529 2158 655 2219 laxatur.
698 2158 740 2216 sic
762 2158 801 2217 ad
821 2157 981 2222 sanitatem
1003 2157 1189 2232 perveniunt

181 2247 281 2306 omnia
299 2247 340 2306 sic
354 2249 454 2310 autern
472 2247 596 2306 vulnera
618 2246 856 2306 semissationum
869 2249 900 2306 et
913 2249 1076 2307 stremmae
1092 2263 1190 2306 curan

180 2338 231 2395 tur
254 2339 337 2396 aceto
361 2338 391 2393 et
414 2335 479 2395 oleo
507 2337 538 2394 et
563 2335 795 2410 medicamentis,
826 2353 902 2410 quae
931 2335 993 2393 iam
1023 2337 1111 2410 apud
1137 2354 1188 2394 om·

107 2419 164 2478 24⁰
181 2443 233 2484 nes
256 2427 328 2484 nota
352 2427 428 2485 sunt.
475 2443 567 2500 qnare
597 2427 697 2484 autem
727 2423 872 2487 cretiatioi
900 2422 1051 2488 intentum
1084 2422 1219 2500 frigidae

255 2514 394 2574 foventur
416 2512 607 2589 temporibus,
633 2513 706 2572 scire
730 2514 856 2588 oportet.
902 2512 1074 2574 eretiatieos
1095 2515 1190 2572 antem

182 2602 305 2663 hiberno
325 2603 393 2662 ideo
413 2602 498 2662 calda
516 2602 650 2661 fovemus
670 2601 749 2660 etin
767 2595 932 2663 fomentum
949 2601 1082 2680 ungulas
1101 2599 1190 2660 mitti·

182 2711 248 2750 mus
270 2694 393 2768 propter
414 2691 585 2751 stricturam
608 2693 638 2748 et
660 2693 812 2766 stuporem
835 2708 992 2749 nervorum
1016 2693 1046 2748 et
1066 2690 1191 2767 glaciem

183 2781 335 2857 sanguinis
349 2779 529 2840 solvendam.
558 2779 694 2854 quotiens
709 2777 788 2836 enim
805 2797 898 2838 venae
917 2778 1021 2838 caldae
1039 2778 1119 2838 locis
1135 2775 1190 2836 suis

182 2869 280 2930 nervis
294 2870 561 2946 temperamentum
581 2867 760 2943 ministrant,
774 2865 845 2926 tune
860 2869 890 2926 et
902 2867 983 2943 ipsos
996 2886 1109 2928 nervos
1122 2865 1220 2925 mol-a

182 2957 271 3017 liores
289 2961 451 3035 praestant.
476 2958 599 3033 propter
616 2957 673 3015 hoc
691 2958 721 3014 et
739 2957 853 3018 aestate
870 2957 970 3016 fervor
988 2956 1146 3033 sanguinis
1163 2955 1189 3011 et

63 3044 164 3102 146Va
183 3046 292 3106 solutio
315 3066 475 3106 nervorum
496 3045 607 3122 frigida
630 3045 710 3105 fotus
728 3044 883 3121 refrigerio
902 3044 1128 3122 constringitur.
1148 3039 1152 3122 l

256 3221 269 3270 1
289 3212 428 3269 fusionem
451 3216 461 3285 ΙΙ
483 3219 498 3268 5
518 3213 631 3283 exigum
644 3214 653 3282 ΙΙ
677 3218 710 3266 10
728 3212 943 3282 revocavimusu
962 3217 995 3266 13
1013 3211 1167 3282 imponiter
1181 3207 1189 3278 Η

185 3291 218 3339 18
228 3302 265 3366 eq.
286 3285 445 3340 cretiatieos
463 3283 556 3338 nimis:
579 3287 737 3354 acceperat
767 3286 777 3354 ΙΙ
808 3289 842 3337 20
860 3283 992 3340 neniam
1009 3285 1050 3338 B:
1071 3282 1166 3338 omnia
1181 3279 1189 3349 ιὶ

184 3361 218 3407 23
233 3373 258 3408 s1
273 3358 277 3423 Ι
294 3355 518 3410 semiseationem
534 3357 537 3426 Ι
554 3358 727 3424 stramenta
745 3354 981 3410 medicamentum
998 3356 1008 3423 11
1026 3359 1061 3408 26
1079 3354 1188 3423 suppleo

155 3489 161 3500 x
184 3424 325 3477 interdum
339 3424 422 3478 calda
438 3427 442 3496 Ι
459 3424 587 3497 (variis)
606 3433 656 3481 aut
674 3424 767 3498 (pro)
784 3425 957 3494 temporibus
971 3425 999 3482 B
1013 3426 1022 3494 ΙΙ
1038 3430 1070 3478 32
1090 3427 1187 3482 mosee

184 3492 308 3560 Explicit
326 3493 399 3546 liber
417 3493 556 3563 Septimus
