2474 3910
189 141 253 205 226
375 137 657 194 MULOsOEDIOINA
675 138 843 194 cflfflorsls
863 143 1002 194 eas-aas

189 290 288 350 omnia
297 290 421 350 viduare.
431 290 493 349 sine
503 289 636 350 cauterio
650 292 703 348 aut
716 288 801 348 ferro.
819 289 948 350 volneris
958 289 1113 349 causticam
1119 306 1168 346 cru·

189 379 259 438 dnm
269 397 356 455 super
365 380 445 454 ipses
458 379 577 456 impone
591 378 640 438 vel
649 379 849 438 ascercticum.
873 378 1090 456 eumocciderit,
1102 378 1167 436 ecclc

189 471 220 527 et
242 469 307 527 oleo
329 467 488 542 exaniabis,
511 467 617 528 deinde
639 467 817 526 traumaticc
840 467 965 528 curabis.
1006 486 1106 526 sanum
1124 465 1168 523 fiet

114 558 169 614 ⁷23
253 555 380 616 XOVIII
403 557 434 616 Si
458 556 538 633 qucd
557 556 722 614 iumentum
739 555 871 614 fistulam
888 556 1027 615 babuerit
1043 556 1089 616 vel
1104 555 1170 612 inite

188 662 287 720 anum,
304 645 346 706 sic
363 648 476 705 curato.
508 645 661 721 specillum
678 645 784 704 ccicies
801 646 833 702 in
846 644 986 720 fistulam,
1005 643 1170 722 spongiolan
1187 659 1195 700 s
1217 692 1219 711 ,

187 733 335 811 alligabis,
357 734 462 793 sedin
480 736 564 792 aceto
581 734 740 810 intingues.
772 733 860 792 simul
877 734 951 792 bene
972 733 1100 808 dilueris,
1115 735 1171 790 tunc
1219 807 1220 812 η

188 825 223 882 ex
240 841 319 898 aqua
336 823 436 882 lavato
455 823 580 899 spongia
599 825 629 881 et
649 822 780 882 exiccato
793 823 903 882 vulnus
921 841 1000 898 equa
1017 820 1171 881 berbenacie

187 929 273 971 omne
296 929 401 989 genus:
423 911 553 985 laurum,
575 911 709 987 mirtsm,
732 929 913 989 cupressum,
936 911 1104 986 lentiscum,
1124 926 1171 967 res·
1217 960 1220 983 ,

186 1001 342 1060 marinum.
377 1000 466 1060 tertio
491 1019 607 1076 quoque
631 1000 678 1059 die
700 1000 814 1059 fovebis
831 999 884 1059 ita.
921 1000 963 1059 sic
982 1019 1050 1058 eum
1068 997 1172 1068 curabis,

186 1089 374 1164 usquedum
395 1107 501 1148 sanum
521 1088 582 1147 fiat.
628 1089 654 1148 si
681 1106 786 1148 sanum
812 1107 872 1148 non
901 1083 1008 1165 fuerit,
1039 1091 1108 1147 tunc
1127 1086 1221 1145 ccl-rc¹

186 1177 287 1236 lilium
308 1177 440 1236 fistulare
468 1177 600 1236 subicies.
647 1179 753 1253 quarto
782 1177 829 1236 die
858 1177 956 1238 solvis.
1002 1197 1070 1237 cum
1090 1175 1173 1234 fistula
1219 1224 1221 1256 ,

187 1265 332 1342 ceciderit,
354 1266 532 1326 traumaticc
555 1265 680 1326 curabis.
726 1284 830 1325 sanum
851 1266 911 1325 fiet.
1221 1311 1222 1348 ,

112 1355 168 1412 724
253 1352 292 1412 10
324 1355 542 1414 Testiculcrum
570 1354 656 1432 dolor¹
684 1354 710 1414 si
739 1355 842 1429 fuerit,
874 1355 960 1432 signa
993 1358 1080 1414 erunt
1108 1354 1173 1412 haec.
1220 1431 1221 1434 Ἴ

185 1443 320 1502 incedere
342 1461 402 1504 non
424 1444 535 1518 poterit
556 1461 610 1502 nec
633 1444 741 1502 cubare
763 1443 896 1503 cruribus
914 1462 967 1503 nec
985 1443 1080 1502 isdem
1096 1443 1173 1500 insur-
1221 1499 1222 1510 ,

186 1551 263 1608 gere.
309 1531 427 1592 debebis
450 1551 520 1610 ergo
549 1532 590 1591 sic
617 1551 727 1591 curare.
773 1532 1056 1592 concalfacticnibus
1082 1533 1223 1616 foveresx

187 1620 277 1680 aridis
300 1621 416 1696 pabulis
439 1621 484 1680 uti
508 1623 538 1680 et
559 1619 704 1680 rebusad
721 1621 840 1680 urinam
856 1621 1035 1681 facientibus
1053 1621 1173 1698 inrigare,

186 1709 450 1785 cataplasmatibus
472 1710 582 1785 fovere,
605 1712 636 1768 et
657 1710 840 1769 nasturcium
862 1729 930 1769 cum
949 1711 1020 1770 vinc
1039 1707 1174 1769 tritum
1212 1750 1218 1793 ,

186 1797 265 1858 lineo
294 1817 394 1875 panno
423 1799 455 1856 in
485 1799 675 1858 altitudinem
701 1816 806 1858 recum
826 1801 981 1872 imponere,
1010 1799 1134 1858 incidere
1152 1797 1175 1853 ct
1213 1805 1219 1867 1

187 1889 321 1946 extantes
343 1905 442 1946 venas.
488 1887 615 1962 quodsi
639 1905 743 1946 sanum
766 1906 825 1946 non
847 1887 1174 1948 fuerit...facereenn1
1222 1937 1224 1948 2

187 1977 320 2051 oportet.
336 2021 342 2032 .
358 1975 486 2035 devehis
508 1976 554 2035 bis
576 1976 644 2035 diei.
689 1994 794 2035 sanum
810 1976 870 2036 fiet.
1182 1965 1224 2028 ¹⁸¹

112 2064 166 2122 225
253 2062 275 2122 O
311 2064 454 2123 Testiculi
485 2064 510 2123 si
542 2064 684 2124 dolebunt
716 2067 746 2123 et
781 2065 955 2142 turgebunt,
992 2065 1036 2123 sic
1068 2061 1173 2124 curabis.

185 2151 284 2229 potio,
317 2171 392 2228 quae
423 2153 511 2212 crdec
540 2153 605 2212 fieri
634 2154 725 2229 solet,
749 2150 805 2229 [et]
829 2154 897 2214 inde
921 2171 1052 2212 crassum
1075 2151 1174 2223 sumile,
1223 2201 1224 2208 ,

185 2239 254 2298 inde
276 2239 322 2299 bis
345 2241 392 2299 die
415 2240 540 2300 oblinito
564 2261 651 2301 mane
674 2244 704 2300 et
725 2261 855 2318 uespere.
891 2242 922 2300 id
944 2243 1174 2302 medicamentum

184 2329 390 2404 praevalidum
421 2332 481 2407 est,
513 2331 659 2407 optimum
690 2330 756 2390 erit.
805 2331 865 2390 alio
898 2331 985 2390 modo
1019 2331 1062 2390 sic
1091 2329 1173 2388 facies.

186 2418 255 2476 felle
279 2418 385 2478 canino
408 2422 495 2478 testes
517 2419 646 2478 tumidos
670 2418 820 2479 sublinito.
1182 2427 1200 2472 a

111 2508 166 2564 726
252 2503 290 2566 01
320 2506 351 2565 Si
379 2507 459 2582 quod
487 2509 652 2567 iumentum
674 2511 804 2568 castrare
826 2508 920 2584 voles,
944 2508 985 2567 sic
1012 2505 1173 2568 observabis

188 2613 288 2654 mense
310 2595 390 2655 Maio
414 2600 503 2656 vento
526 2597 665 2672 aquilone
683 2597 823 2673 deponito
839 2596 1051 2672 quadripedem
1070 2601 1173 2655 etresu·

186 2684 289 2759 pinatc
312 2684 476 2743 iumentum
499 2687 530 2744 et
558 2685 710 2745 testiculos
740 2686 767 2744 ei
797 2685 937 2763 alligato,
965 2705 1002 2744 ne
1032 2683 1173 2762 refugiant

184 2771 251 2831 dein
277 2775 322 2832 c'te
350 2771 551 2850 [de]prenditc
583 2775 694 2833 ferrum
721 2776 855 2849 acutum,
892 2791 982 2849 quam
1021 2773 1173 2834 saevissime

184 2863 282 2920 cutem
304 2862 367 2921 eius
388 2862 508 2922 incides.
545 2882 603 2938 qua
626 2863 756 2922 testiculi
778 2862 944 2937 inciderint,
966 2863 1066 2940 incipe
1083 2861 1197 2921 raderes

256 3073 269 3119 1
289 3067 360 3122 ferre
378 3066 500 3121 volueris
514 3070 524 3137 11
538 3073 553 3120 2
569 3067 749 3122 astercticum
766 3067 770 3138 1
787 3084 849 3122 cum
862 3068 987 3136 appleri
1000 3070 1009 3137 11
1024 3074 1040 3121 5
1055 3064 1157 3137 specilla

184 3137 340 3207 tintigues
353 3141 392 3208 117
411 3137 508 3193 lavata
527 3141 537 3208 11
561 3144 593 3192 13
612 3156 697 3207 cupra
715 3140 800 3208 48411
825 3145 859 3193 14
877 3137 986 3193 hisdem
1000 3141 1010 3208 11
1025 3145 1058 3193 16
1076 3133 1170 3208 pabulis

183 3224 281 3277 saepae:
309 3208 386 3279 puris
408 3211 418 3279 11
442 3215 474 3264 17
492 3208 560 3264 trito
582 3211 592 3278 11
610 3215 643 3263 18
661 3207 744 3264 linito
763 3226 887 3279 pannum
902 3226 988 3278 supra
1004 3216 1008 3277 1
1024 3225 1117 3264 renum
1131 3205 1171 3258 im·

182 3279 280 3348 ponito
307 3282 336 3334 et
364 3279 528 3350 sanguinem
556 3281 683 3335 emittere
711 3280 745 3334 de
772 3280 926 3335 visceribus
952 3282 1042 3350 suppl.
1070 3294 1145 3348 supra
1163 3273 1171 3344 11

185 3355 217 3404 19
236 3349 310 3404 urite
329 3367 393 3404 eum
415 3349 504 3406 stellis
527 3350 557 3405 in
581 3351 701 3407 testibus
725 3354 754 3405 et
781 3353 891 3420 curato,
919 3351 1059 3420 quomodo
1078 3347 1171 3420 eportet

184 3419 324 3473 ustionem
342 3436 437 3474 curare
455 3423 542 3490 suppl.
561 3439 648 3490 cupre
660 3425 670 3492 11
684 3428 716 3475 21
740 3439 827 3490 supra
848 3425 974 3492 485125
992 3420 1149 3477 testumidos
1163 3415 1171 3485 11

185 3493 219 3541 26
238 3490 520 3558 efieupre6831127
540 3491 681 3562 disponite
701 3495 711 3562 11
731 3498 765 3546 29
784 3492 867 3548 dein
886 3494 942 3548 sita
