2470 3902
214 173 498 229 MULOMEDIOINA
516 173 686 231 CHIRONIS
706 180 845 230 rea-195
989 176 1032 240 59

44 326 112 401 nique
126 327 257 402 primum
270 325 462 385 inveniturin
471 345 531 384 uno
541 326 682 401 iumento,
696 346 756 384 non
769 327 802 384 in
816 327 960 388 omnibus.
984 329 1033 387 vel

42 435 101 474 nuno
116 416 149 473 in
172 414 345 490 corporibus
368 433 479 490 eorum,
503 415 554 490 qni
578 416 640 474 iam
662 416 789 491 possessi
813 419 890 492 sunt,
912 417 1033 475 morbus

40 504 172 580 increscit,
201 507 274 562 tuno
296 503 396 580 plures
419 504 594 580 coinquinat
616 504 751 581 viresque
773 505 906 579 adquirit
927 507 1032 583 magis.

40 593 143 667 spiritus
167 612 271 651 eorum
293 577 609 675 pluribus'cohaerens
632 593 775 651 maiorem
788 594 876 652 'aeris
899 595 1031 670 coinqui-

20 682 172 741 5nati0nem
195 681 270 740 facit
293 683 323 739 et
349 699 475 757 pascuae
503 684 535 740 et
561 700 657 757 aquae
691 682 820 740 fontium
849 701 867 740 a
890 683 1032 757 pestifera

38 770 124 830 Africo
142 773 231 830 vento
249 770 374 845 volanti,
398 771 449 847 qui
472 789 532 829 non
555 770 651 829 solum
674 771 750 828 aeris
769 771 899 829 excludit
916 771 1032 845 herbas,

38 860 77 917 sed
101 861 131 918 et
166 859 288 919 confuso
325 859 527 936 ampliatoque
565 859 653 918 odore
689 859 770 917 illins
806 860 902 918 morbi
934 860 1031 918 calore

37 948 194 1024 coinquinat
228 945 292 1023 [sed
320 945 362 1023 et]
393 951 506 1006 ceteras
538 966 643 1025 greges
675 951 875 1006 armentorum
908 948 1032 1007 inferius

37 1040 169 1096 morantes
202 1037 240 1095 ab
272 1037 326 1095 illa
358 1057 446 1114 grege
479 1037 613 1112 superius
645 1040 793 1111 morante,
824 1037 876 1095 ubi
907 1037 969 1095 iam
1001 1056 1031 1096 se

9 1135 28 1174 1⁰
37 1126 140 1184 morbus
172 1125 309 1185 ostendit.
355 1126 412 1184 hoo
442 1125 545 1184 morbo
582 1125 720 1184 similiter
756 1127 856 1184 omnia
892 1127 1030 1185 succedit.
1051 1125 1107 1181 193

37 1215 184 1290 ampliatur
217 1215 296 1272 enim
334 1219 421 1290 putor
455 1214 552 1273 calore
588 1214 637 1274 vel
670 1233 690 1273 a
724 1213 900 1274 cadaverum
930 1234 1032 1275 eorum

37 1306 121 1379 gregis
149 1304 231 1361 illius
262 1303 434 1378 superioris,
465 1305 495 1362 et
521 1303 661 1362 increscit
686 1303 813 1362 morbus.
860 1325 896 1362 ex
919 1324 977 1380 qno
1000 1305 1032 1362 iu

36 1391 162 1466 plurimas
193 1410 299 1470 greges
333 1394 534 1451 armentorum
564 1392 726 1450 adhaerens
756 1393 927 1471 contagium
958 1394 1033 1452 facit

36 1482 61 1536 ct
85 1482 179 1539 omnia
208 1482 342 1538 iumenta
378 1482 434 1540 hoc
463 1480 566 1540 morbo
594 1481 749 1540 consumit.
794 1481 919 1556 ideoque
947 1501 1032 1558 prae·

8 1568 132 1643 eripitur
152 1569 299 1646 fumigare
323 1588 424 1628 omnes
447 1570 504 1628 hac
526 1570 736 1648 fumigationes:
759 1571 910 1645 aspaltum
933 1571 1031 1629 Iudai·

37 1675 100 1732 cum,
119 1659 330 1735 peucedanum,
358 1677 592 1734 oppoponaeum,
620 1661 795 1733 castoreum,
822 1660 979 1736 origanum
1001 1663 1032 1717 et

38 1747 118 1804 sulfm
138 1748 241 1807 vivum
264 1747 379 1822 aliquid
407 1747 578 1806 admixtum.
625 1747 843 1821 observabitur,
866 1766 926 1806 non
948 1748 1030 1822 prius
1050 1745 1108 1801 les

38 1832 142 1913 inagro
155 1837 315 1910 prodeant,
337 1855 391 1894 nec
409 1855 494 1894 mane
515 1855 550 1894 ex
570 1836 626 1894 hae
649 1836 888 1913 suffiimigatione
912 1837 1031 1894 odorem

39 1925 142 1984 naribus
154 1925 332 2001 percipiant,
354 1928 390 1982 ut
406 1925 523 2001 possint
542 1943 575 1984 eo
595 1925 683 1983 odore
703 1927 841 2002 stagnata
859 1925 936 1983 hunc
954 1943 1031 1984 mor-

10 2011 95 2071 abun
107 2015 255 2073 continere
273 2013 414 2072 iumenta.
448 2017 478 2072 et
493 2016 708 2073 cerumtamen
722 2013 866 2073 cadavera
881 2013 1032 2072 obruenda

39 2105 102 2176 sunt,
123 2104 173 2178 qui
192 2103 230 2160 ab
253 2103 310 2161 hoc
331 2102 435 2162 morbo
453 2103 628 2177 moriuntur,
651 2102 695 2160 ita
713 2105 748 2161 ut
765 2103 843 2161 vires
867 2103 1031 2179 ampliandi

38 2188 109 2250 huius
125 2192 222 2252 morbi
239 2191 423 2266 minuuntur,
442 2193 472 2249 et
491 2193 588 2250 cetera
605 2192 748 2265 iumenta,
767 2211 842 2266 quae
862 2210 934 2250 sana
953 2195 1031 2266 sunt,

39 2296 86 2335 non
106 2281 140 2338 ab
164 2300 198 2340 eo
223 2280 312 2338 odore
335 2280 571 2356 coinquinentur.
616 2280 661 2338 ita
684 2280 762 2337 enim
785 2281 932 2339 medicina
955 2281 1029 2339 cira·

40 2383 92 2425 ceos
111 2369 140 2427 in
164 2368 301 2428 omnibus
323 2369 480 2445 provenire
502 2371 610 2444 potest.

12 2461 30 2502 ²⁵
92 2450 257 2538 delmalcos
273 2458 482 2532 elepantioten.
502 2458 527 2516 si
538 2457 616 2532 quod
625 2457 792 2516 iumentum
807 2457 968 2534 elepantio·
1005 2458 1063 2513 195
1080 2458 1178 2515 116‘b

40 2544 88 2601 tem
103 2547 234 2605 morbum
256 2545 403 2621 habuerit,
426 2547 499 2604 haee
522 2546 608 2624 signa
631 2546 822 2604 demonstrat.
858 2547 890 2605 in
909 2565 1030 2621 corpore

41 2630 111 2692 huius
132 2638 195 2695 toto
219 2634 306 2693 urido
329 2635 475 2710 nascitur,
498 2635 594 2712 magis
617 2635 648 2692 in
671 2636 772 2712 tergus
796 2635 918 2694 cortices
942 2653 1029 2709 squa-

41 2723 106 2781 moto
123 2724 239 2782 similes.
270 2723 348 2782 unde
372 2726 403 2783 ot
426 2723 613 2782 elefantiotes
637 2723 733 2782 dictus
757 2727 809 2783 est.
842 2723 980 2782 similiter
997 2724 1029 2780 in

42 2810 144 2880 pedibus
167 2813 252 2871 etin
280 2812 377 2888 capite
401 2831 506 2888 aspera
534 2811 611 2869 fiunt
636 2812 685 2871 vel
708 2813 830 2870 odienae
860 2813 1029 2870 nascuntur.

13 2898 194 2976 aptusquem
229 2902 304 2959 haee
340 2902 425 2979 signa
458 2901 606 2975 ostendet,
642 2904 744 2960 ventre
779 2901 876 2959 soluto
911 2901 969 2958 erit
1000 2902 1031 2958 et

44 2991 187 3065 macrescit,
219 2990 310 3048 tussit
338 3008 448 3065 aspere.
495 2989 578 3048 euius
606 2991 636 3047 et
662 2989 767 3066 lingua
800 3007 905 3064 aspera
938 2990 968 3047 et
998 2987 1030 3047 os

44 3076 232 3092 *Q*

99 3124 201 3178 3vires
226 3139 298 3192 quae
318 3124 328 3192 ΙΙ
350 3127 366 3176 6
385 3123 487 3177 flante?
507 3123 540 3190 cf.
557 3140 586 3192 p.
607 3127 653 3189 58,
668 3125 756 3193 32118
781 3123 830 3176 sed
854 3124 883 3176 et
905 3123 955 3176 dcl.
974 3123 1003 3176 B
1020 3121 1030 3194 ll

47 3193 69 3241 11
84 3194 185 3266 pudori
211 3195 259 3248 ad:
279 3209 346 3248 corr.
369 3195 395 3248 B
417 3197 426 3263 ll
451 3201 482 3246 12
502 3210 601 3264 greges
621 3196 629 3263 ll
650 3199 682 3247 15
701 3195 735 3260 cf.
760 3194 965 3264 Ve9.120,1;
990 3194 1035 3247 VI

46 3264 104 3342 1¹2‚·3
124 3267 128 3336 Ι
149 3266 219 3347 haec
244 3266 254 3334 ΙΙ
280 3269 313 3317 18
337 3264 435 3320 deant:
461 3266 550 3334 suppl.
573 3266 613 3332 B,
638 3263 819 3319 deambulent
837 3265 875 3318 M
899 3267 981 3347 ltnec
997 3293 1030 3310 =

45 3337 459 3477 llllttttfftttttd
463 3410 472 3477 μ,
486 3337 748 3476 ’15221ἶὲ13ἔόῑῖ
752 3339 797 3460 ’23
823 3336 1005 3478 belluini}

46 3474 71 3523 Ἡ
87 3491 118 3544 sq.
136 3480 245 3547 aquato:
265 3494 396 3546 squamas
415 3477 520 3532 similes
540 3477 689 3532 corticibus
713 3479 776 3549 ch.
795 3481 805 3550 ΙΙ
827 3484 860 3532 29
880 3477 1031 3536 hodiene:

46 3555 147 3602 ozaenas
167 3549 228 3619 ch.
246 3551 256 3618 ΙΙ
269 3555 302 3602 31
322 3548 400 3618 liguo
