2474 3910
227 168 508 226 MULOMEDIOINA
526 170 695 227 OHIRONIS
715 178 854 227 roo-ree
978 172 1041 236 237

40 321 66 376 et
93 319 157 377 dies
185 318 220 377 X.
266 320 345 395 quod
375 320 401 379 si
432 321 610 398 contegeris,
636 326 671 380 ut
699 319 750 398 [si]
781 323 904 382 celerius
936 324 1043 400 pariat,

39 407 157 466 habebit
170 407 269 484 pullos
278 413 347 482 post
359 427 473 468 menses
486 410 529 468 IX
543 413 573 468 et
587 410 649 468 dies
662 411 724 469 XX.
749 412 828 486 quod
843 432 878 470 ex
892 432 927 471 eu
939 417 1044 471 netum

39 499 85 572 est,
108 497 271 574 diligenter
292 497 401 556 nutriri
423 499 580 574 oportebit.
627 517 756 558 secernes
779 501 815 558 de
838 521 943 578 grege,
965 502 1044 560 idem

39 585 126 644 faeies
151 589 182 644 et
205 586 231 644 si
253 585 364 646 femina
382 587 489 646 fuerit
512 607 573 647 non
595 588 674 646 enim
697 588 755 647 erit
777 589 934 647 diuturnae
954 589 1042 648 vites.

17 692 27 732 s
97 673 173 733 XVI
200 674 406 734 Necessarium
434 679 533 734 eutem
561 676 684 736 debeam
706 679 738 735 et
758 679 814 736 hoo
837 677 977 752 seribere,
999 678 1044 736 in-
1064 680 1121 736 760

37 766 168 822 maturos
194 761 322 822 abortus.
369 765 539 840 saepissime
562 764 641 824 enim
663 783 722 824 non
746 766 803 825 erit
826 786 917 842 equae
940 767 1045 825 utilem

36 853 165 926 perferre
189 851 292 928 fetum,
315 852 342 911 si
362 873 398 911 ex
415 854 494 912 malo
513 873 619 932 genere
638 855 813 931 conceperit.
851 875 941 931 quem
959 874 1044 931 opor-

36 941 107 999 tebit
131 939 362 1017 fatigationibus
383 935 387 1020 Ι
407 942 569 1019 fatigatam
652 963 688 1001 ex
711 963 746 1002 ee
769 944 914 1020 expellere
941 945 1043 1002 fetum.
1065 949 1167 1007 14λό

38 1025 149 1104 [XVII]
172 1027 331 1105 Oportebit
344 1033 444 1090 eutem
457 1031 639 1108 verginslem
662 1032 724 1091 eius
745 1052 836 1092 menu
858 1035 987 1092 tractare
1015 1035 1045 1092 et
1066 1035 1120 1091 tol

5 1116 83 1193 uisi]
107 1119 210 1194 ipsam
231 1119 359 1178 vulvum.
407 1123 437 1178 et
459 1120 484 1178 si
506 1120 606 1195 pullus
629 1139 659 1180 se
682 1121 834 1180 offeret...
861 1125 891 1180 et
912 1122 1045 1197 potueris

37 1208 94 1266 eius
113 1206 265 1267 orificium
281 1207 432 1283 prendere,
455 1211 486 1267 et
504 1209 658 1268 suffocabis
680 1212 710 1268 et
731 1211 830 1286 ipsum
848 1213 939 1286 eaput
955 1230 1045 1270 menu
1117 1259 1118 1264 ,

38 1295 225 1355 eonfiioebis
271 1297 350 1371 quod
373 1298 399 1356 si
420 1299 555 1356 terrenum
571 1298 681 1374 luerit,
703 1298 802 1374 ipsum
824 1299 975 1375 pullemen
998 1319 1045 1358 ex-

36 1385 146 1459 pellere
160 1384 319 1460 oportebit.
342 1385 557 1446 medieemento
570 1387 626 1446 hoo
640 1405 750 1446 sumes:
763 1388 882 1447 taedam
896 1388 1045 1466 pinguem,

37 1493 124 1548 quam
143 1473 236 1532 feeies
254 1474 401 1533 minutam
423 1475 520 1554 valde,
542 1478 573 1534 et
591 1475 700 1534 efficies
718 1477 745 1535 ei
763 1476 826 1535 vini
844 1477 958 1536 cotulas
971 1477 1046 1535 VIII

5 1563 129 1621 udaieis
150 1564 181 1620 et
205 1559 420 1639 exterminium,
442 1563 534 1623 donee
558 1564 596 1623 ed
614 1565 718 1624 terties
736 1565 926 1640 deooquetur.
963 1568 994 1624 et
1011 1586 1047 1624 ex

36 1651 87 1712 hoe
111 1651 266 1710 suffundas
289 1651 391 1711 diebus
414 1651 509 1711 tribus
532 1656 562 1711 et
582 1653 683 1728 foetes,
706 1655 741 1712 ut
763 1657 863 1714 eiurat
889 1672 949 1712 non
974 1673 1046 1730 que-

36 1740 159 1817 drupes‚
190 1740 220 1798 et
250 1759 288 1798 ne
319 1740 345 1800 si
371 1741 542 1800 intumetur.
588 1742 697 1800 dieitur
732 1745 832 1802 autem
864 1745 894 1801 et
924 1743 1046 1802 herbum

36 1828 169 1888 brioniae
189 1828 319 1888 radicem
337 1829 529 1888 eontritem..
545 1850 581 1888 ex
597 1831 667 1890 vino
687 1831 714 1889 ei
733 1832 870 1890 similiter
888 1832 1043 1892 suffundas.

98 1917 208 1976 XVIII
230 1917 271 1975 Et
293 1917 319 1976 si
342 1918 460 1993 quando
488 1920 647 1997 eontigerit
674 1939 750 1995 eque
777 1920 938 1980 difficiliter
960 1939 1045 1996 posse
1067 1922 1121 1977 762

5 2008 154 2081 semeiam,
179 2005 323 2083 adiunges
347 2007 374 2066 ei
398 2027 506 2082 equum
524 2008 652 2068 salacem
671 2012 701 2067 et
718 2011 840 2084 propter
858 2029 932 2068 eum.
970 2029 1045 2085 quae

37 2095 104 2154 dum
118 2097 248 2154 conatur
266 2113 332 2154 oum
351 2114 384 2154 eo
403 2098 511 2155 nutura
533 2097 663 2168 miseere,
686 2097 825 2156 continuo
844 2099 941 2157 meist.
974 2099 1046 2158 hese
1129 2141 1130 2144 η

36 2187 78 2243 est
101 2183 319 2243 demonstratio
343 2202 444 2244 eorum
465 2185 635 2246 morborum
658 2189 688 2244 et
711 2187 833 2246 curatio.

35 2339 199 2390 τελειοῦται.
236 2333 420 2403 ἀποκρίνωσι
447 2333 479 2389 δὲ
507 2336 593 2391 αὐτὸν
621 2337 677 2392 ἀπὸ
704 2345 754 2407 τῆς
780 2335 891 2408 ἀγέλης,
920 2340 969 2394 καί
997 2338 1048 2394 ἐὰν

35 2406 138 2474 θήλεια
162 2401 290 2475 γένηται,
312 2415 425 2461 ποιοῦσι
448 2406 622 2478 λειπόχρονα.
659 2409 694 2476 cf.
713 2408 748 2462 Η
762 2413 812 2476 58,
827 2414 846 2464 8
864 2409 1020 2479 (Hieroclis)
1039 2409 1048 2482 Η

37 2477 116 2531 lvel
145 2479 154 2546 ΙΙ
181 2482 198 2529 2
221 2478 287 2545 post
304 2479 368 2532 add.
388 2477 415 2530 B
442 2481 452 2544 l
479 2479 538 2532 tsi
557 2494 652 2533 cernes
683 2482 693 2549 ΙΙ
725 2485 740 2534 5
764 2481 858 2549 1157,
877 2479 1047 2552 4·χρήσιμον

36 2546 145 2602 εἰδέναι
164 2563 195 2601 σε
212 2545 263 2609 τὰς
280 2556 335 2602 τῶν
355 2547 481 2618 ἐμβρύων
498 2548 669 2618 διαφθοράς.
701 2550 833 2613 πολλάκις
850 2550 903 2619 γὰρ
923 2551 956 2605 οὔ
975 2554 1048 2605 tvos·

35 2623 108 2710 τέλεῖ
125 2620 282 2708 §reveresco
299 2619 352 2688 τὴν
369 2618 465 2710 ίππον,
484 2619 535 2674 ἐὰν
553 2618 704 2711 rerepente
722 2621 815 2692 ὀχεῑον
833 2620 924 2692 ἐπιβῇ,
942 2619 1048 2711 ἢιπρὸς

36 2688 751 2832 λλλλλιτέλλλλλῖλλόλτῖλρλμλλαλλλῖελῗήῖίς·
772 2695 832 2833 λλ
847 2691 980 2832 iiii?
998 2712 1047 2818 {tt

38 2831 88 2885 ἐὰν
107 2829 160 2900 μὲν
179 2831 214 2901 δὴ
233 2829 331 2886 λάσιον
353 2824 370 2904 ᾖ
389 2831 420 2886 τὸ
439 2830 553 2901 πωλίον,
571 2832 726 2958 λαῗόμενον
748 2842 798 2888 τοῦ
822 2835 954 2903 στόματος
977 2835 1047 2888 ἀπο-

36 2902 135 2967 πνίξαι
154 2903 204 2956 καί
221 2902 272 2971 τὴν
287 2903 412 2972 κεφαλὴν
427 2901 569 2972 ἐκθλίψαι.
613 2903 650 2960 ἄν
667 2903 698 2958 dl
712 2904 822 2960 ἁπαλὸν
840 2898 857 2978 ᾖ
876 2906 907 2959 τὸ
922 2906 1048 2974 ἀμνεῖον,

37 2971 184 3028 διακνίσαι
202 2972 279 3028 αὐτό.
308 2973 446 3047 φαρμάκῳ
461 2973 493 3029 δὲ
507 2973 705 3045 διαφθείρεται
719 2973 817 3038 οὕτως·
837 2979 871 3030 λα
892 2976 1048 3048 deredeldos

37 3046 73 3106 ὡς
86 3043 226 3111 πιοτοίτην
241 3052 357 3114 ποιῆσαι
369 3043 455 3099 λεπτὰ
474 3046 510 3108 ὡς
524 3045 639 3114 μάλιστα
656 3048 706 3101 καί
720 3045 827 3117 ίπιχίαι
842 3046 921 3103 οίνον
935 3046 1049 3117 γλυκέος

37 3117 157 3177 κοτύλας
174 3113 205 3183 η’
225 3116 274 3169 καί
291 3113 432 3183 ἀναζέσαι,
451 3115 518 3171 ὥστε
532 3117 563 3171 τὸ
577 3115 671 3185 τρίτον
684 3118 882 3188 άφεψηθῆναι,
901 3120 949 3172 καί
967 3127 1048 3173 τοῦτο

39 3183 230 3257 ἐγχνματίζειν
256 3183 302 3254 ἐφ’
322 3184 439 3256 ἡμέραις
460 3189 532 3256 τρισί
554 3189 731 3256 διαιροῦντα,
759 3189 808 3242 καί
835 3187 986 3260 τροχαζέτω
1012 3189 1048 3258 μὴ

39 3257 187 3320 συντόνως.
224 3254 332 3326 λέγεται
350 3256 381 3312 δὲ
405 3259 453 3312 καί
474 3256 613 3330 βρυωνίας
635 3257 685 3321 τὰς
707 3255 784 3329 (ίίζας
805 3268 903 3329 τρῖψαι
927 3259 957 3314 ἐν
982 3259 1048 3333 οίνςο

38 3330 84 3382 καλ
103 3329 136 3383 τὸ
156 3327 226 3382 αὐτὸ
245 3336 338 3382 ποιεῖν
360 3329 363 3400 l
384 3328 529 3383 inneturos
552 3333 561 3400 ΙΙ
584 3335 599 3383 8
618 3330 771 3400 fatigatum
793 3332 803 3400 ll
826 3336 858 3384 11
878 3329 1048 3384 suffrieebis:

39 3417 104 3454 sorr.
126 3401 154 3452 B
175 3401 185 3468 ΙΙ
207 3403 238 3451 13
257 3398 371 3469 piguem
393 3403 402 3470 ΙΙ
426 3405 458 3454 17
477 3400 631 3455 intumetur
648 3426 682 3447 =
701 3403 810 3455 tumet?
832 3417 867 3455 ne
890 3400 1050 3455 stimuletur

39 3471 64 3523 B
77 3474 86 3541 ΙΙ
101 3477 137 3525 18
155 3471 253 3539 supple
270 3470 402 3539 prodesse
415 3475 425 3540 fl
440 3477 472 3525 19
491 3489 576 3541 supro
590 3490 619 3541 p.
635 3476 698 3541 150,
712 3475 772 3543 2711
786 3478 820 3526 20
838 3476 952 3543 propter
970 3489 1047 3527 eum:

39 3549 202 3608 protervum
222 3540 260 3594 M
