2474 3910
191 151 256 214 224
377 149 658 206 MULOMEDIGINA
677 151 846 207 CHIRONIS
865 156 1005 206 urs-arr

66 312 68 315 ’
191 301 306 376 adarce,
328 303 474 377 castoreo,
497 302 588 361 bacca
610 302 701 378 lauri,
729 301 825 360 thuris
847 301 973 377 polline,
1000 300 1170 360 haecomnia

190 392 258 448 tusa
281 392 312 448 et
339 388 500 450 orebellata
529 411 564 448 ex
592 393 675 449 aceto
704 393 735 449 et
763 390 827 450 oleo
855 409 922 449 cum
949 390 1087 468 sanguine
1110 407 1171 448 com·
1221 407 1222 410 ’

190 479 292 536 mixta.
323 482 393 554 post
409 479 542 538 fomenta
560 479 636 538 hanc
653 478 824 538 unctionem
841 497 925 538 renes
943 496 1094 556 perunges.
1121 495 1172 536 cum

190 569 269 626 recte
302 567 454 626 ambulare
486 567 609 643 videris,
641 568 804 627 causticum
834 567 965 643 inpones.
1017 567 1063 626 sin
1092 569 1172 624 autem

191 673 279 714 sanus
308 675 368 714 non
399 656 503 732 fuerit,
532 674 617 715 renes
648 656 789 716 cauteriis
820 675 888 714 ures
918 656 1107 715 reticulatim.
1143 654 1222 712 sice

191 744 306 802 curabis
329 746 406 822 usta,
429 745 507 804 sicut
528 763 550 804 s.
569 763 591 804 s.
615 748 667 804 est.
713 746 785 804 haec
808 745 975 804 curationes
999 745 1108 804 similes
1123 745 1174 802 sunt

192 833 392 909 superioribus
415 834 501 892 curis.

117 920 171 976 715
256 921 323 982 XCI
347 922 379 981 Si
400 923 520 981 renibus
542 921 635 982 vulsis
657 923 760 997 fuerit,
788 922 862 981 haec
884 922 970 1000 signa
993 924 1088 980 erunt.
1125 939 1175 979 cun
1221 941 1222 974 ς

191 1010 358 1085 ambulant,
389 1011 478 1086 pedes
506 1011 685 1086 posteriores
710 1011 821 1069 trahat.
870 1013 906 1069 ut
931 1010 1097 1088 intelligas,
1126 1007 1175 1066 iube
1221 1028 1222 1056 1

191 1119 258 1157 eum
284 1117 469 1174 procurrere,
497 1102 528 1158 et
554 1099 652 1158 subito
680 1099 760 1158 flecti
782 1101 808 1158 si
833 1119 894 1158 non
921 1100 1056 1175 potuerit
1081 1100 1112 1156 in
1131 1113 1202 1156 amm

190 1187 365 1264 bulandum,
393 1187 434 1246 sic
461 1199 530 1246 eum
556 1189 714 1266 intelliges,
760 1189 932 1248 sinautem
963 1207 1070 1248 renum
1096 1187 1176 1246 dolore
1221 1211 1222 1243 2

190 1277 286 1352 premi
309 1275 447 1352 coeperit,
471 1277 557 1354 signa
580 1279 667 1336 erunt
686 1277 767 1338 haec.
804 1277 982 1353 posteriores
1001 1273 1177 1352 1111111111-

192 1365 246 1423 dae
268 1364 346 1423 fiunt
368 1367 399 1423 et
421 1365 474 1424 ilia
497 1366 571 1424 (lura
589 1368 620 1424 ct
639 1368 799 1441 contracta,
821 1366 951 1444 ungulas
969 1365 1093 1424 inflexas
1109 1363 1176 1442 gerit
1221 1414 1222 1422 ,

68 1454 172 1513 145111
191 1471 257 1512 cum
279 1453 403 1528 incipiet
425 1472 548 1529 currere,
572 1455 696 1513 caudam
716 1455 819 1513 reiciet
839 1450 843 1534 1
864 1457 900 1513 et
916 1455 1017 1512 mittet
1035 1471 1141 1513 crassas
1156 1452 1177 1508 at

191 1541 360 1618 pituitosos.
403 1545 434 1600 et
453 1562 488 1600 ex
509 1540 732 1619 [a]quacunque
750 1545 835 1618 parte
858 1561 941 1602 renes
964 1542 1110 1616 laborant,
1130 1540 1177 1598 eius
1186 1552 1201 1592 1⁵
1221 1566 1222 1600 1

191 1633 285 1707 partis
304 1649 397 1691 vercae
417 1632 604 1690 contrahunt.
641 1631 734 1691 lumbi
753 1633 778 1690 si
797 1632 915 1690 deloco
935 1632 1069 1707 exierint,
1087 1628 1176 1688 deicito

193 1740 300 1795 equum
320 1722 350 1778 et
367 1720 462 1798 ligato
481 1721 594 1795 priores
612 1721 709 1796 pedes,
729 1724 759 1780 et
776 1721 854 1779 ferro
873 1720 1033 1780 articulum
1046 1721 1078 1778 in
1090 1719 1177 1789 locum,
1221 1771 1222 1775 ,

190 1809 242 1867 ubi
266 1803 409 1884 consistit,
431 1808 519 1867 urito.
1221 1861 1222 1864 ,

118 1889 173 1944 7111
257 1895 340 1955 XGII
372 1897 403 1956 Si
434 1897 528 1956 lumbi
561 1898 623 1957 cius
654 1898 846 1973 laborabunt,
878 1897 986 1956 lumbis
1020 1899 1051 1955 et
1082 1893 1177 1975 gambis
1221 1920 1222 1924 ¹

192 1988 361 2046 contractus
380 1987 445 2062 erit,
464 1989 495 2044 ot
507 2005 606 2046 macer
619 1986 671 2045 fiet
684 1986 919 2061 destillescendo,
933 1987 1004 2062 quia
1017 1985 1201 2063 posterioress

192 2093 259 2132 eum
281 2094 341 2133 non
364 2077 564 2136 consecuntur.
598 2078 628 2134 et
651 2095 717 2134 cum
736 2094 766 2134 se
784 2075 950 2153 proiecerit⁷
973 2075 1025 2134 vix
1044 2093 1074 2134 se
1093 2074 1177 2133 contra

192 2163 304 2238 erigere
326 2165 427 2238 potest
449 2166 479 2222 et
501 2166 614 2222 tensam
640 2165 756 2240 spinam
778 2162 908 2239 habebit,
930 2163 1014 2223 velut
1031 2163 1177 2231 roborosm,
1221 2186 1222 2218 ς

192 2251 239 2310 cui
266 2269 350 2308 renes
376 2251 533 2311 doluerint.
580 2255 610 2310 et
635 2253 787 2329 potionem
819 2251 903 2311 dabis
934 2253 1003 2311 huic
1035 2247 1178 2328 aptissimis

191 2340 278 2398 rebus
302 2339 465 2398 confectam
493 2341 554 2399 sine
577 2341 648 2400 vino
678 2345 708 2399 et
737 2343 829 2401 aceto.
874 2341 950 2399 fiunt
980 2361 1015 2400 ex
1037 2343 1137 2400 ustura
1155 2337 1178 2394 et
1221 2389 1222 2396 ,

192 2428 370 2506 coriaginosi
392 2428 489 2506 facile,
513 2429 537 2488 si
560 2430 759 2508 negligentius
783 2433 929 2490 curentur.
1186 2437 1222 2484 2⁵2

14 2517 15 2590 j
67 2525 71 2532 '
119 2509 172 2563 717
258 2516 356 2576 XOIH
379 2516 411 2576 si
434 2517 513 2593 quod
535 2518 700 2578 iumentum
723 2519 848 2578 caudam
870 2519 1035 2594 parietibus
1057 2518 1139 2576 fricat
1155 2514 1178 2570 et
1221 2539 1222 2576 r

192 2607 342 2666 emilcerat
364 2624 404 2682 se,
427 2607 469 2665 sic
491 2609 602 2666 curato.
638 2608 670 2665 in
692 2608 790 2684 ipsum
809 2626 917 2683 rapum
934 2606 1046 2666 caudae
1064 2603 1177 2666 invenies
1221 2611 1222 2700 1

191 2696 282 2771 pilos,
311 2715 437 2770 quorum
460 2697 605 2754 extremas
627 2699 729 2772 partes
751 2698 783 2755 in
810 2696 884 2772 ipsc·
898 2714 970 2771 rapo
994 2696 1062 2771 plus
1085 2695 1176 2753 (1111111-
1221 2701 1222 2704 ’

192 2783 293 2842 serint.
329 2784 362 2842 hi
385 2786 469 2859 sunt,
485 2785 536 2859 qui
554 2785 693 2844 videntur
715 2805 814 2845 creare
836 2785 988 2860 pispisam,
1011 2785 1063 2860 qui
1080 2779 1177 2859 pilupia

193 2873 389 2948 appellantur.
434 2891 484 2932 eos
505 2873 582 2949 pilos
604 2872 737 2934 bersellis
759 2873 947 2952 repurgabis,
970 2893 1006 2931 ne
1031 2892 1089 2948 qua
1108 2867 1203 2929 1111111

191 2963 352 3020 remaneat.
390 2963 420 3019 et
437 2962 517 3021 loteo
541 2962 625 3021 caldo
649 2965 679 3020 et
698 2963 759 3028 sale
778 2965 875 3022 totam
893 2962 1017 3021 caudam
1036 2957 1175 3019 delumbis.

193 3051 223 3107 et
240 3050 295 3109 hoc
312 3049 567 3127 medicamentum,
589 3050 667 3109 unde
689 3052 767 3127 pilos
790 3051 916 3128 vulsisti,
938 3051 1073 3126 imponis.
1112 3048 1177 3106 lasar

193 3139 224 3194 et
246 3139 363 3196 acetum
385 3139 575 3198 commixtum
598 3159 633 3200 11
655 3140 721 3200 1111
743 3158 897 3216 perunges.
943 3141 974 3197 et
1001 3142 1070 3198 ante
1093 3140 1175 3195 tamen

192 3241 404 3250 ——u--a—n-

135 3333 142 3346 .
263 3294 279 3342 8
297 3307 383 3358 supra
400 3294 456 3344 479
473 3291 483 3360 ΙΙ
507 3295 539 3343 10
557 3307 705 3359 procurare
722 3293 732 3361 ΙΙ
752 3297 784 3344 14
803 3306 900 3344 curare
921 3293 931 3360 ΙΙ
954 3295 987 3343 16
1005 3291 1097 3358 partes
1112 3297 1174 3364 vere:

193 3375 259 3413 corr.
279 3361 307 3414 B
330 3363 339 3427 ΙΙ
361 3366 395 3412 23
414 3360 566 3429 aptissimis
583 3363 614 3416 11
634 3380 733 3433 marp:
753 3360 914 3415 aridissimis
933 3363 963 3429 (i.
978 3378 999 3415 e.
1018 3354 1176 3418 caldissimls)

193 3430 363 3550 as'rglffiatecctu
375 3433 385 3497 ΙΙ
399 3435 433 3482 24
447 3437 545 3486 exusta
561 3432 675 3503 1111126
693 3433 773 3499 infra
787 3437 843 3488 792
864 3437 873 3500 11
897 3437 930 3485 30
948 3430 1074 3486 bersellis
1088 3455 1118 3476 =
1129 3422 1175 3480 vol·
