2470 3902
193 143 236 207 84
385 139 668 196 MULOMEDICINA
686 138 855 196 cumdius
874 143 1013 196 283-285

116 297 117 300 ’
189 293 319 367 adpones
350 294 381 350 et
411 292 493 350 ordei
520 292 809 368 pusillum,·deinde
833 291 990 352 innovabis
1013 294 1039 350 ce'
1062 291 1192 365 chelonia,

188 382 276 440 tolles
299 383 329 440 et
352 383 421 439 ente
445 383 576 440 stercora
600 399 659 440 ano·
680 381 866 440 inhaerentia
889 383 920 439 et
940 381 1062 456 iniusta,
1086 383 1115 439 11
1131 384 1193 456 post
1231 413 1232 424 1

189 470 421 529 exinanitionem
452 470 561 528 iterum
592 470 730 528 infundes
766 471 928 528 cucumeris
963 470 1096 546 agrestis·
1122 485 1193 544 aqna
1231 505 1232 510 κ

188 559 323 634 decocta,
352 562 383 618 et
404 558 569 636 fumigatur
590 560 690 618 farina
716 559 816 618 intusa
838 558 870 616 in
892 561 995 618 vinum
1021 562 1076 617 aut
1098 559 1192 636 galbe-

44 675 46 688 =
117 649 173 704 283
192 668 277 722 num,
304 651 334 706 et
356 649 524 706 infunditur
549 649 631 706 intra
657 651 817 708 cucumeris
844 647 970 724 agrestis
992 647 1111 723 reliqua
1130 665 1220 723 parsi

190 740 338 812 tusarum,
360 737 522 796 miscentur
544 737 675 814 galbani,
697 737 771 794 nitri
794 737 923 811 obolum,
946 737 1052 795 deinde
1075 737 1193 794 solvitur

190 844 285 902 aqua,
318 847 353 884 ex
378 826 507 884 sextario
532 826 701 884 infunditur
720 843 773 900 per
794 826 987 901 quatriduum
1014 825 1193 884 tantimden
1231 836 1232 839 ’

191 915 322 989 cottidie,
341 917 394 973 aut
413 919 541 973 stercore
555 914 631 974 sicco
646 915 785 988 humano,
809 915 889 990 quod
907 913 1116 974 commiscetur
1131 915 1194 990 post

191 1003 344 1081 sanguinis
365 1003 587 1062 detractionem.
634 1003 685 1062 sed
713 1004 738 1062 si
765 1022 825 1061 non
847 1003 1054 1080 refiigaverit,
1077 1003 1193 1061 infunde

191 1092 436 1168 compositionem
466 1093 566 1150 talem.
612 1095 698 1151 rutae
729 1093 855 1170 agrestis
881 1095 912 1150 et
939 1091 1221 1150 arthemisiaeoe·1o

191 1199 280 1255 quam
297 1183 424 1255 partem,
443 1181 573 1240 radicem
586 1182 688 1240 tundis
707 1186 737 1240 ot
759 1184 892 1240 conteres
912 1185 942 1240 ot
960 1181 1050 1240 addes
1069 1181 1193 1255 galbani,

188 1269 261 1328 citri
273 1269 397 1347 obolum,
416 1271 545 1329 resolves
558 1271 590 1328 in
605 1287 692 1348 aqua,
707 1270 835 1328 sextario
849 1287 909 1328 uno
923 1271 1046 1329 infunde
1060 1289 1115 1345 per
1128 1288 1193 1345 quc-

189 1358 330 1431 triduum,
352 1353 419 1416 41ΥΠ
436 1361 554 1434 partem
572 1359 780 1418 medicamenti
798 1378 852 1434 per
870 1359 1003 1436 singulos
1021 1359 1085 1418 dies
1106 1359 1191 1416 dabis.

63 1450 164 1506 121²a
182 1444 240 1500 284
298 1446 376 1505 XIX.
400 1447 544 1528 Sonionrs
564 1448 598 1506 de
617 1448 742 1508 insania.
759 1439 762 1529 l
780 1449 804 1506 si
824 1447 904 1523 quod
921 1448 1087 1506 iumentum
1106 1448 1193 1506 abile

189 1535 266 1593 sicca
297 1536 431 1595 insanius
462 1537 554 1594 fuerit
582 1537 708 1612 factum,
740 1539 885 1612 tanquam
913 1536 1066 1595 rabiosum
1087 1537 1137 1606 ¹sit
1168 1542 1220 1593 ets

189 1627 311 1700 propter
324 1625 432 1700 pedum
447 1626 578 1684 dolorem
592 1625 762 1703 rabiaverit,
777 1625 863 1703 signa
877 1626 1059 1684 erunthaec.
1098 1625 1193 1684 oculos
1231 1656 1232 1666 1

187 1713 301 1772 habent
321 1714 473 1790 fulgentes
493 1717 523 1772 et
546 1715 738 1792 sanguineos,
767 1716 797 1772 et
824 1716 906 1772 totus
933 1714 1006 1772 mali
1033 1713 1135 1772 odoris
1156 1714 1193 1786 fit
1231 1735 1232 1738 ¹

189 1802 311 1861 naribus
334 1802 426 1861 etiam
449 1803 596 1878 adapertis
619 1806 651 1863 et
673 1802 758 1880 quasi
781 1803 890 1862 sudans
911 1802 959 1878 fit,
983 1803 1146 1878 aliquando
1168 1805 1193 1860 et
1231 1845 1232 1856 1

191 1892 320 1950 excutiet
342 1910 372 1949 se
402 1893 432 1949 et
454 1892 550 1952 levius
573 1893 662 1951 sudat
684 1895 714 1950 et
736 1892 876 1950 labia...
907 1891 1058 1950 adiutoria
1081 1894 1194 1950 utemur
1231 1910 1232 1944 1

194 1980 347 2057 sanguinis
370 1979 553 2040 detractione
577 1981 612 2040 de
636 1981 733 2057 capite
757 1985 788 2040 et
805 1979 991 2058 iugularibns
1009 1981 1093 2040 venis
1118 1984 1148 2039 et
1165 1981 1232 2037 des,

5 2101 18 2118 1
116 2069 172 2124 281
191 2069 291 2144 pulpis
314 2068 430 2143 pedum.
470 2070 695 2128 calefactionem
718 2072 818 2128 nutem
840 2072 993 2145 praestare
1017 2069 1054 2127 ab
1077 2070 1148 2147 igne
1169 2071 1195 2126 et
1231 2101 1232 2124 1

189 2158 270 2214 fumo
299 2160 329 2214 et
355 2157 510 2217 infundere
539 2162 623 2218 aceto
653 2178 720 2218 cum
747 2175 826 2234 aqua
853 2158 973 2234 aequali
994 2173 1136 2217 mensura
1161 2157 1194 2215 ed

190 2245 351 2303 sextarium
377 2263 470 2304 unmn
496 2247 644 2323 tepidum,
671 2251 707 2306 ut
734 2248 864 2306 faciliter
890 2247 1004 2325 ebibat,
1031 2249 1068 2306 ut
1090 2248 1193 2306 11111111]

189 2334 285 2409 ρο1111
308 2333 385 2391 dare.
423 2338 454 2393 et
472 2335 587 2410 adpone
609 2335 732 2394 herbam
754 2336 953 2413 siofisagriam
976 2339 1006 2394 et
1024 2339 1113 2411 teres,
1136 2339 1194 2394 tum

191 2423 253 2482 vini
276 2421 436 2481 sextarium
455 2423 486 2480 ·I·
505 2425 627 2499 plenum
644 2425 782 2484 infimdes
805 2425 832 2482 ei
855 2445 909 2500 per
925 2444 1028 2483 narem
1047 2425 1193 2483 sinistram
1204 2439 1232 2478 es

191 2512 246 2570 etsi
264 2531 324 2570 non
342 2513 380 2569 vi.
422 2513 562 2572 ambulet.
600 2533 635 2572 ex
656 2514 712 2572 hac
737 2514 870 2589 respiret.
914 2513 1025 2572 elebori
1048 2512 1110 2572 albi
1135 2512 1193 2576 5·1·

190 2604 267 2659 teres
297 2602 328 2658 et
350 2601 520 2660 commisces
547 2621 613 2661 oum
640 2603 704 2662 vini
731 2603 825 2662 dulcis
852 2603 980 2661 sextario
1009 2605 1039 2660 et
1061 2601 1194 2661 infundes
1231 2621 1232 2624 ¹

189 2709 243 2766 per
266 2707 307 2764 OS,
331 2692 366 2748 ut
388 2692 493 2749 venter
513 2691 540 2749 ei
564 2691 705 2751 solvatur.
751 2693 802 2750 sed
829 2691 854 2750 si
884 2692 1034 2750 eleborum
1062 2690 1193 2765 defuerit,

191 2797 377 2837 scammonea
400 2779 633 2855 5Π11111111111,
657 2781 734 2839 sicut
753 2779 776 2855 1,
800 2783 828 2839 et
850 2780 942 2839 dabis.
985 2783 1014 2838 et
1038 2780 1064 2838 si
1085 2780 1193 2839 inutilis

190 2868 281 2926 fuerit
304 2870 357 2925 aut
379 2885 461 2927 senes
485 2872 538 2927 aut
560 2869 705 2943 novellus
728 2869 834 2946 exiguo
856 2869 958 2928 uteris.
1203 2883 1222 2922 ³⁰

266 3078 280 3124 1
301 3071 452 3126 ciclisteria
473 3075 483 3142 ΙΙ
506 3070 654 3128 2111111111;
677 3071 779 3126 mista?
800 3074 809 3142 ll
831 3077 848 3125 4
867 3091 953 3126 unum
975 3077 984 3144 ΙΙ
1011 3078 1027 3126 5
1047 3069 1193 3128 cucumeris

192 3143 290 3196 odelmi
311 3145 320 3212 ll
344 3149 463 3212 'dquam
480 3143 617 3199 triduum:
641 3159 710 3199 corr:
729 3145 757 3197 B
778 3147 787 3211 {l
814 3150 846 3197 10
869 3161 1057 3214 suacensem
1079 3147 1192 3214 partem:

192 3229 259 3267 coer.
279 3214 319 3279 133
339 3231 378 3268 ou
391 3214 587 3270 acetabulum?
606 3217 640 3282 cf.
651 3233 681 3284 p.
697 3218 793 3286 9281!
809 3221 840 3268 11
859 3233 897 3284 sp.
912 3216 1029 3284 galbani
1042 3215 1172 3270 tribulum
1184 3212 1193 3282 ll

194 3288 226 3336 12
240 3301 278 3352 sq.
289 3301 374 3350 quam
391 3285 517 3338 triduum
530 3287 541 3365 l
555 3291 588 3338 14
602 3286 663 3356 ch.
679 3285 777 3340 11112
794 3286 804 3358 ll
819 3291 852 3339 15
870 3286 977 3340 insanis
990 3289 1000 3356 ΙΙ
1015 3293 1048 3340 18
1063 3288 1193 3357 adaperus

192 3354 231 3406 sic
256 3355 265 3421 ΙΙ
294 3359 326 3406 19
347 3357 441 3422 supple
469 3355 605 3424 demittit,
629 3357 664 3422 cf.
685 3373 772 3425 supro
790 3361 844 3410 115
870 3360 880 3426 ΙΙ
908 3363 943 3410 20
966 3357 1001 3411 de
1025 3356 1192 3428 iugularibns

191 3422 280 3488 venis,
300 3423 334 3476 de
352 3424 450 3492 palato
470 3428 499 3478 et
516 3430 581 3495 post
599 3427 634 3480 de
653 3427 778 3481 cruribus
797 3427 859 3497 ch.
874 3431 883 3496 ΙΙ
897 3433 929 3480 21
945 3427 1031 3498 ingne
1045 3430 1054 3495 ΙΙ
1068 3429 1193 3482 24111111]

192 3492 225 3543 fis
247 3492 355 3560 agriam
368 3496 377 3562 ΙΙ
392 3500 426 3547 26
444 3497 474 3547 11
492 3495 590 3549 sinon
608 3495 651 3549 vis
669 3496 679 3569 ll
697 3503 731 3550 29
750 3501 915 3551 escamonea
931 3500 935 3568 Ι
951 3500 981 3552 et
999 3499 1081 3554 dabis
