<?xml version="1.0" encoding="UTF-8"?>
<!DOCTYPE html PUBLIC "-//W3C//DTD XHTML 1.0 Transitional//EN"
    "http://www.w3.org/TR/xhtml1/DTD/xhtml1-transitional.dtd">
<html xmlns="http://www.w3.org/1999/xhtml" xml:lang="en" lang="en">
 <head>
  <title>
</title>
<meta http-equiv="Content-Type" content="text/html;charset=utf-8" />
  <meta name='ocr-system' content='tesseract 3.04.00' />
  <meta name='ocr-capabilities' content='ocr_page ocr_carea ocr_par ocr_line ocrx_word'/>
</head>
<body>
  <div class='ocr_page' id='page_1' title='image "./claudiihermerim03hermgoog_0025.png"; bbox 0 0 2512 3906; ppageno 0'>
   <div class='ocr_carea' id='block_1_1' title="bbox 185 155 807 226">
    <p class='ocr_par' dir='ltr' id='par_1_1' title="bbox 185 155 807 226">
     <span class='ocr_line' id='line_1_1' title="bbox 185 155 807 226; baseline -0.006 0"><span class='ocrx_word' id='word_1_1' title='bbox 185 171 236 226; x_wconf 85' lang='lat' dir='ltr'>xx</span> <span class='ocrx_word' id='word_1_2' title='bbox 593 155 807 224; x_wconf 72' lang='lat' dir='ltr'>Parasino.</span> 
     </span>
    </p>
   </div>
   <div class='ocr_carea' id='block_1_2' title="bbox 58 319 1210 399">
    <p class='ocr_par' dir='ltr' id='par_1_2' title="bbox 58 319 1210 399">
     <span class='ocr_line' id='line_1_2' title="bbox 58 319 1210 399; baseline -0.006 -14"><span class='ocrx_word' id='word_1_3' title='bbox 58 351 65 367; x_wconf 89' lang='lat'><strong>·</strong></span> <span class='ocrx_word' id='word_1_4' title='bbox 188 323 276 397; x_wconf 89' lang='lat' dir='ltr'>solet,</span> <span class='ocrx_word' id='word_1_5' title='bbox 307 322 428 399; x_wconf 90' lang='lat' dir='ltr'>plumbo</span> <span class='ocrx_word' id='word_1_6' title='bbox 456 321 594 398; x_wconf 72' lang='lat' dir='ltr'><strong>ascripsit</strong></span> <span class='ocrx_word' id='word_1_7' title='bbox 621 321 785 381; x_wconf 77' lang='lat' dir='ltr'>Guilelmus</span> <span class='ocrx_word' id='word_1_8' title='bbox 812 321 925 398; x_wconf 82' lang='lat' dir='ltr'>Meyer,</span> <span class='ocrx_word' id='word_1_9' title='bbox 952 319 1210 380; x_wconf 87' lang='lat' dir='ltr'>Mulomedicinae</span> 
     </span>
    </p>
   </div>
   <div class='ocr_carea' id='block_1_3' title="bbox 188 409 1255 3612">
    <p class='ocr_par' dir='ltr' id='par_1_3' title="bbox 188 409 1212 756">
     <span class='ocr_line' id='line_1_3' title="bbox 188 409 1211 486; baseline -0.004 -14"><span class='ocrx_word' id='word_1_10' title='bbox 188 412 332 472; x_wconf 78' lang='lat' dir='ltr'>editorem</span> <span class='ocrx_word' id='word_1_11' title='bbox 360 409 441 470; x_wconf 90' lang='lat' dir='ltr'>haud</span> <span class='ocrx_word' id='word_1_12' title='bbox 469 411 657 470; x_wconf 80' lang='lat' dir='ltr'>mediocriter</span> <span class='ocrx_word' id='word_1_13' title='bbox 691 409 860 470; x_wconf 86' lang='lat' dir='ltr'>sublevans.</span> <span class='ocrx_word' id='word_1_14' title='bbox 914 410 1060 486; x_wconf 82' lang='lat' dir='ltr'>scriptma</span> <span class='ocrx_word' id='word_1_15' title='bbox 1089 409 1211 469; x_wconf 89' lang='lat' dir='ltr'>codicis</span> 
     </span>
     <span class='ocr_line' id='line_1_4' title="bbox 189 498 1212 576; baseline -0.003 -17"><span class='ocrx_word' id='word_1_16' title='bbox 189 500 262 560; x_wconf 92' lang='lat' dir='ltr'>satis</span> <span class='ocrx_word' id='word_1_17' title='bbox 286 499 421 576; x_wconf 87' lang='lat' dir='ltr'>aequalis</span> <span class='ocrx_word' id='word_1_18' title='bbox 444 503 498 574; x_wconf 74' lang='lat' dir='ltr'>est,</span> <span class='ocrx_word' id='word_1_19' title='bbox 523 499 574 560; x_wconf 89' lang='lat' dir='ltr'>sed</span> <span class='ocrx_word' id='word_1_20' title='bbox 596 499 676 558; x_wconf 90' lang='lat' dir='ltr'>lectu</span> <span class='ocrx_word' id='word_1_21' title='bbox 698 498 850 559; x_wconf 87' lang='lat' dir='ltr'>difficilior</span> <span class='ocrx_word' id='word_1_22' title='bbox 871 518 931 558; x_wconf 90' lang='lat' dir='ltr'>non</span> <span class='ocrx_word' id='word_1_23' title='bbox 954 498 1050 558; x_wconf 87' lang='lat' dir='ltr'>solum</span> <span class='ocrx_word' id='word_1_24' title='bbox 1076 501 1212 575; x_wconf 87' lang='lat' dir='ltr'>propter</span> 
     </span>
     <span class='ocr_line' id='line_1_5' title="bbox 189 586 1211 666; baseline -0.005 -16"><span class='ocrx_word' id='word_1_25' title='bbox 189 589 374 666; x_wconf 71' lang='lat' dir='ltr'>syllabarum</span> <span class='ocrx_word' id='word_1_26' title='bbox 401 588 576 664; x_wconf 77' lang='lat' dir='ltr'>compendIa</span> <span class='ocrx_word' id='word_1_27' title='bbox 603 588 766 665; x_wconf 89' lang='lat' dir='ltr'>permulta,</span> <span class='ocrx_word' id='word_1_28' title='bbox 793 587 845 648; x_wconf 87' lang='lat' dir='ltr'>scd</span> <span class='ocrx_word' id='word_1_29' title='bbox 867 587 947 665; x_wconf 91' lang='lat' dir='ltr'>quod</span> <span class='ocrx_word' id='word_1_30' title='bbox 969 587 1127 647; x_wconf 90' lang='lat' dir='ltr'>nonnullas</span> <span class='ocrx_word' id='word_1_31' title='bbox 1152 586 1211 646; x_wconf 79' lang='lat' dir='ltr'>lit-</span> 
     </span>
     <span class='ocr_line' id='line_1_6' title="bbox 188 676 1144 756; baseline -0.004 -20"><span class='ocrx_word' id='word_1_32' title='bbox 188 678 301 738; x_wconf 87' lang='lat' dir='ltr'>terulas</span> <span class='ocrx_word' id='word_1_33' title='bbox 324 678 408 737; x_wconf 86' lang='lat' dir='ltr'>velut</span> <span class='ocrx_word' id='word_1_34' title='bbox 429 681 457 737; x_wconf 83' lang='lat' dir='ltr'>st</span> <span class='ocrx_word' id='word_1_35' title='bbox 478 680 509 736; x_wconf 93' lang='lat' dir='ltr'>et</span> <span class='ocrx_word' id='word_1_36' title='bbox 530 693 568 754; x_wconf 82' lang='lat' dir='ltr'>se,</span> <span class='ocrx_word' id='word_1_37' title='bbox 591 695 621 735; x_wconf 82' lang='lat' dir='ltr'>m</span> <span class='ocrx_word' id='word_1_38' title='bbox 644 679 674 736; x_wconf 89' lang='lat' dir='ltr'>et</span> <span class='ocrx_word' id='word_1_39' title='bbox 695 679 728 736; x_wconf 79' lang='lat' dir='ltr'>ta</span> <span class='ocrx_word' id='word_1_40' title='bbox 750 678 798 738; x_wconf 86' lang='lat' dir='ltr'>vel</span> <span class='ocrx_word' id='word_1_41' title='bbox 819 678 853 737; x_wconf 65' lang='grc' dir='ltr'>Μ’</span> <span class='ocrx_word' id='word_1_42' title='bbox 875 695 963 756; x_wconf 87' lang='lat' dir='ltr'>aegre</span> <span class='ocrx_word' id='word_1_43' title='bbox 987 676 1144 738; x_wconf 86' lang='lat' dir='ltr'>discernas.</span> 
     </span>
    </p>

    <p class='ocr_par' dir='ltr' id='par_1_4' title="bbox 188 764 1255 2811">
     <span class='ocr_line' id='line_1_7' title="bbox 277 764 1213 844; baseline 0 -19"><span class='ocrx_word' id='word_1_44' title='bbox 277 766 448 826; x_wconf 81' lang='lat' dir='ltr'>RudIssima</span> <span class='ocrx_word' id='word_1_45' title='bbox 466 768 568 826; x_wconf 90' lang='lat' dir='ltr'>autem</span> <span class='ocrx_word' id='word_1_46' title='bbox 586 769 633 826; x_wconf 88' lang='lat' dir='ltr'>est</span> <span class='ocrx_word' id='word_1_47' title='bbox 654 765 868 844; x_wconf 73' lang='lat' dir='ltr'>orthographia</span> <span class='ocrx_word' id='word_1_48' title='bbox 890 765 1007 825; x_wconf 87' lang='lat' dir='ltr'>librarii</span> <span class='ocrx_word' id='word_1_49' title='bbox 1030 768 1061 825; x_wconf 90' lang='lat' dir='ltr'>et</span> <span class='ocrx_word' id='word_1_50' title='bbox 1082 764 1213 825; x_wconf 89' lang='lat' dir='ltr'>saeculo</span> 
     </span>
     <span class='ocr_line' id='line_1_8' title="bbox 189 853 1213 932; baseline -0.002 -18"><span class='ocrx_word' id='word_1_51' title='bbox 189 855 245 914; x_wconf 85' lang='lat' dir='ltr'>XV</span> <span class='ocrx_word' id='word_1_52' title='bbox 276 873 397 932; x_wconf 90' lang='lat' dir='ltr'>prorsus</span> <span class='ocrx_word' id='word_1_53' title='bbox 428 854 528 932; x_wconf 90' lang='lat' dir='ltr'>digna.</span> <span class='ocrx_word' id='word_1_54' title='bbox 583 853 738 914; x_wconf 80' lang='lat' dir='ltr'>confrmdit</span> <span class='ocrx_word' id='word_1_55' title='bbox 767 873 909 931; x_wconf 81' lang='lat' dir='ltr'>persaepe</span> <span class='ocrx_word' id='word_1_56' title='bbox 939 855 1057 914; x_wconf 85' lang='lat' dir='ltr'>litteras</span> <span class='ocrx_word' id='word_1_57' title='bbox 1083 853 1213 914; x_wconf 80' lang='lat' dir='ltr'>vocales</span> 
     </span>
     <span class='ocr_line' id='line_1_9' title="bbox 188 943 1214 1020; baseline -0.004 -17"><span class='ocrx_word' id='word_1_58' title='bbox 188 943 1042 1020; x_wconf 64' lang='lat' dir='ltr'>intuso,imprimisaetaeetaiueloeto.</span> <span class='ocrx_word' id='word_1_59' title='bbox 1087 944 1214 1003; x_wconf 80' lang='lat' dir='ltr'>aeto</span> 
     </span>
     <span class='ocr_line' id='line_1_10' title="bbox 191 1032 1215 1111; baseline -0.003 -18"><span class='ocrx_word' id='word_1_60' title='bbox 191 1034 221 1093; x_wconf 90' lang='lat' dir='ltr'>et</span> <span class='ocrx_word' id='word_1_61' title='bbox 243 1052 270 1093; x_wconf 87' lang='lat' dir='ltr'><strong><em>w</em></strong></span> <span class='ocrx_word' id='word_1_62' title='bbox 291 1033 457 1110; x_wconf 87' lang='lat' dir='ltr'>promiscue</span> <span class='ocrx_word' id='word_1_63' title='bbox 480 1034 591 1092; x_wconf 87' lang='lat' dir='ltr'>exarat.</span> <span class='ocrx_word' id='word_1_64' title='bbox 635 1033 715 1091; x_wconf 91' lang='lat' dir='ltr'>haud</span> <span class='ocrx_word' id='word_1_65' title='bbox 739 1032 899 1111; x_wconf 74' lang='lat' dir='ltr'>distinguit</span> <span class='ocrx_word' id='word_1_66' title='bbox 920 1033 1095 1108; x_wconf 85' lang='lat' dir='ltr'>plerumque</span> <span class='ocrx_word' id='word_1_67' title='bbox 1118 1048 1157 1092; x_wconf 83' lang='lat' dir='ltr'>oc</span> <span class='ocrx_word' id='word_1_68' title='bbox 1179 1035 1215 1090; x_wconf 88' lang='lat' dir='ltr'>et</span> 
     </span>
     <span class='ocr_line' id='line_1_11' title="bbox 191 1120 1214 1197; baseline -0.002 -15"><span class='ocrx_word' id='word_1_69' title='bbox 191 1140 216 1182; x_wconf 86' lang='lat' dir='ltr'>oc</span> <span class='ocrx_word' id='word_1_70' title='bbox 243 1123 274 1180; x_wconf 87' lang='lat' dir='ltr'>et</span> <span class='ocrx_word' id='word_1_71' title='bbox 301 1139 323 1181; x_wconf 89' lang='lat' dir='ltr'>c.</span> <span class='ocrx_word' id='word_1_72' title='bbox 368 1139 423 1196; x_wconf 93' lang='lat' dir='ltr'>pro</span> <span class='ocrx_word' id='word_1_73' title='bbox 450 1123 463 1182; x_wconf 81' lang='lat' dir='ltr'>c&#39;</span> <span class='ocrx_word' id='word_1_74' title='bbox 491 1120 592 1181; x_wconf 91' lang='lat' dir='ltr'>crebro</span> <span class='ocrx_word' id='word_1_75' title='bbox 618 1138 638 1195; x_wconf 76' lang='lat' dir='ltr'>y</span> <span class='ocrx_word' id='word_1_76' title='bbox 666 1124 798 1197; x_wconf 83' lang='lat' dir='ltr'>apparet.</span> <span class='ocrx_word' id='word_1_77' title='bbox 843 1121 971 1181; x_wconf 84' lang='lat' dir='ltr'>bmodo</span> <span class='ocrx_word' id='word_1_78' title='bbox 995 1120 1093 1195; x_wconf 83' lang='lat' dir='ltr'>addit,</span> <span class='ocrx_word' id='word_1_79' title='bbox 1113 1121 1214 1180; x_wconf 92' lang='lat' dir='ltr'>modo</span> 
     </span>
     <span class='ocr_line' id='line_1_12' title="bbox 191 1209 1214 1288; baseline -0.002 -18"><span class='ocrx_word' id='word_1_80' title='bbox 191 1211 313 1270; x_wconf 87' lang='lat' dir='ltr'>omittit.</span> <span class='ocrx_word' id='word_1_81' title='bbox 359 1209 517 1286; x_wconf 79' lang='lat' dir='ltr'>permiscet</span> <span class='ocrx_word' id='word_1_82' title='bbox 543 1211 560 1270; x_wconf 84' lang='lat' dir='ltr'>b</span> <span class='ocrx_word' id='word_1_83' title='bbox 588 1212 619 1270; x_wconf 90' lang='lat' dir='ltr'>ct</span> <span class='ocrx_word' id='word_1_84' title='bbox 645 1229 676 1286; x_wconf 86' lang='lat' dir='ltr'>c,</span> <span class='ocrx_word' id='word_1_85' title='bbox 703 1227 718 1269; x_wconf 83' lang='lat' dir='ltr'>c</span> <span class='ocrx_word' id='word_1_86' title='bbox 745 1212 775 1269; x_wconf 93' lang='lat' dir='ltr'>et</span> <span class='ocrx_word' id='word_1_87' title='bbox 800 1229 833 1288; x_wconf 79' lang='lat' dir='ltr'>y,</span> <span class='ocrx_word' id='word_1_88' title='bbox 862 1211 981 1285; x_wconf 83' lang='lat' dir='ltr'>dett,</span> <span class='ocrx_word' id='word_1_89' title='bbox 1007 1228 1024 1268; x_wconf 86' lang='lat' dir='ltr'>r</span> <span class='ocrx_word' id='word_1_90' title='bbox 1046 1211 1077 1268; x_wconf 90' lang='lat' dir='ltr'>et</span> <span class='ocrx_word' id='word_1_91' title='bbox 1099 1210 1122 1286; x_wconf 86' lang='lat' dir='ltr'>l,</span> <span class='ocrx_word' id='word_1_92' title='bbox 1150 1209 1214 1268; x_wconf 87' lang='lat' dir='ltr'>has</span> 
     </span>
     <span class='ocr_line' id='line_1_13' title="bbox 191 1298 1214 1375; baseline 0 -17"><span class='ocrx_word' id='word_1_93' title='bbox 191 1299 309 1358; x_wconf 90' lang='lat' dir='ltr'>litteras</span> <span class='ocrx_word' id='word_1_94' title='bbox 336 1317 494 1374; x_wconf 83' lang='lat' dir='ltr'>perperam</span> <span class='ocrx_word' id='word_1_95' title='bbox 520 1299 725 1374; x_wconf 89' lang='lat' dir='ltr'>pronuntians.</span> <span class='ocrx_word' id='word_1_96' title='bbox 772 1317 830 1375; x_wconf 89' lang='lat' dir='ltr'>quo</span> <span class='ocrx_word' id='word_1_97' title='bbox 858 1299 951 1358; x_wconf 88' lang='lat' dir='ltr'>etiam</span> <span class='ocrx_word' id='word_1_98' title='bbox 977 1298 1020 1374; x_wconf 84' lang='lat' dir='ltr'>fit,</span> <span class='ocrx_word' id='word_1_99' title='bbox 1042 1300 1079 1357; x_wconf 92' lang='lat' dir='ltr'>ut</span> <span class='ocrx_word' id='word_1_100' title='bbox 1101 1316 1214 1358; x_wconf 87' lang='lat' dir='ltr'>conso·</span> 
     </span>
     <span class='ocr_line' id='line_1_14' title="bbox 191 1386 1214 1464; baseline 0 -18"><span class='ocrx_word' id='word_1_101' title='bbox 191 1389 297 1447; x_wconf 64' lang='lat' dir='ltr'>nanta</span> <span class='ocrx_word' id='word_1_102' title='bbox 315 1387 364 1447; x_wconf 82' lang='lat' dir='ltr'>vel</span> <span class='ocrx_word' id='word_1_103' title='bbox 380 1387 482 1464; x_wconf 88' lang='lat' dir='ltr'>potins</span> <span class='ocrx_word' id='word_1_104' title='bbox 500 1387 640 1463; x_wconf 87' lang='lat' dir='ltr'>liquidas,</span> <span class='ocrx_word' id='word_1_105' title='bbox 663 1405 739 1463; x_wconf 89' lang='lat' dir='ltr'>quas</span> <span class='ocrx_word' id='word_1_106' title='bbox 761 1405 911 1462; x_wconf 85' lang='lat' dir='ltr'>vocamus,</span> <span class='ocrx_word' id='word_1_107' title='bbox 933 1388 1105 1464; x_wconf 82' lang='lat' dir='ltr'>frequenter</span> <span class='ocrx_word' id='word_1_108' title='bbox 1126 1386 1214 1446; x_wconf 82' lang='lat' dir='ltr'>falso</span> 
     </span>
     <span class='ocr_line' id='line_1_15' title="bbox 192 1476 1215 1554; baseline -0.001 -19"><span class='ocrx_word' id='word_1_109' title='bbox 192 1477 325 1554; x_wconf 89' lang='lat' dir='ltr'>geminet</span> <span class='ocrx_word' id='word_1_110' title='bbox 347 1478 401 1535; x_wconf 90' lang='lat' dir='ltr'>aut</span> <span class='ocrx_word' id='word_1_111' title='bbox 422 1495 477 1552; x_wconf 90' lang='lat' dir='ltr'>pro</span> <span class='ocrx_word' id='word_1_112' title='bbox 500 1477 660 1553; x_wconf 88' lang='lat' dir='ltr'>geminatis</span> <span class='ocrx_word' id='word_1_113' title='bbox 682 1476 801 1535; x_wconf 90' lang='lat' dir='ltr'>unicam</span> <span class='ocrx_word' id='word_1_114' title='bbox 823 1476 956 1535; x_wconf 88' lang='lat' dir='ltr'>litteram</span> <span class='ocrx_word' id='word_1_115' title='bbox 973 1479 1068 1552; x_wconf 90' lang='lat' dir='ltr'>ponat</span> <span class='ocrx_word' id='word_1_116' title='bbox 1086 1478 1117 1535; x_wconf 90' lang='lat' dir='ltr'>et</span> <span class='ocrx_word' id='word_1_117' title='bbox 1135 1479 1215 1534; x_wconf 86' lang='lat' dir='ltr'>ante</span> 
     </span>
     <span class='ocr_line' id='line_1_16' title="bbox 191 1563 1215 1642; baseline -0.002 -16"><span class='ocrx_word' id='word_1_118' title='bbox 191 1568 232 1635; x_wconf 75' lang='lat' dir='ltr'>ro,</span> <span class='ocrx_word' id='word_1_119' title='bbox 261 1568 297 1634; x_wconf 77' lang='lat' dir='ltr'>tc,</span> <span class='ocrx_word' id='word_1_120' title='bbox 326 1567 364 1635; x_wconf 79' lang='lat' dir='ltr'>io,</span> <span class='ocrx_word' id='word_1_121' title='bbox 393 1567 427 1624; x_wconf 80' lang='lat' dir='ltr'>ta</span> <span class='ocrx_word' id='word_1_122' title='bbox 455 1583 510 1641; x_wconf 91' lang='lat' dir='ltr'>pro</span> <span class='ocrx_word' id='word_1_123' title='bbox 540 1569 552 1623; x_wconf 86' lang='lat' dir='ltr'>t</span> <span class='ocrx_word' id='word_1_124' title='bbox 580 1566 751 1624; x_wconf 85' lang='lat' dir='ltr'>constanter</span> <span class='ocrx_word' id='word_1_125' title='bbox 780 1582 795 1624; x_wconf 93' lang='lat' dir='ltr'>c</span> <span class='ocrx_word' id='word_1_126' title='bbox 824 1563 942 1624; x_wconf 88' lang='lat' dir='ltr'>scribat.</span> <span class='ocrx_word' id='word_1_127' title='bbox 993 1565 1105 1642; x_wconf 88' lang='lat' dir='ltr'>passim</span> <span class='ocrx_word' id='word_1_128' title='bbox 1133 1583 1215 1624; x_wconf 87' lang='lat' dir='ltr'>vero</span> 
     </span>
     <span class='ocr_line' id='line_1_17' title="bbox 193 1653 1216 1730; baseline -0.002 -16"><span class='ocrx_word' id='word_1_129' title='bbox 193 1653 339 1714; x_wconf 87' lang='lat' dir='ltr'>similibus</span> <span class='ocrx_word' id='word_1_130' title='bbox 371 1653 506 1730; x_wconf 87' lang='lat' dir='ltr'>apicibus</span> <span class='ocrx_word' id='word_1_131' title='bbox 532 1653 703 1714; x_wconf 84' lang='lat' dir='ltr'>litterarum</span> <span class='ocrx_word' id='word_1_132' title='bbox 729 1653 869 1730; x_wconf 90' lang='lat' dir='ltr'>deceptus</span> <span class='ocrx_word' id='word_1_133' title='bbox 895 1656 1059 1730; x_wconf 87' lang='lat' dir='ltr'>permutat:</span> <span class='ocrx_word' id='word_1_134' title='bbox 1087 1671 1101 1712; x_wconf 87' lang='lat' dir='ltr'>c</span> <span class='ocrx_word' id='word_1_135' title='bbox 1129 1654 1162 1711; x_wconf 87' lang='lat' dir='ltr'>et</span> <span class='ocrx_word' id='word_1_136' title='bbox 1194 1659 1216 1728; x_wconf 85' lang='lat' dir='ltr'>t,</span> 
     </span>
     <span class='ocr_line' id='line_1_18' title="bbox 193 1743 1216 1819; baseline -0.002 -16"><span class='ocrx_word' id='word_1_137' title='bbox 193 1745 266 1803; x_wconf 83' lang='lat' dir='ltr'>cet</span> <span class='ocrx_word' id='word_1_138' title='bbox 293 1743 599 1819; x_wconf 84' lang='lat' dir='ltr'>c,cetr,tetr,</span> <span class='ocrx_word' id='word_1_139' title='bbox 627 1743 1053 1819; x_wconf 68' lang='lat' dir='ltr'>cletdmettnvclnt,</span> <span class='ocrx_word' id='word_1_140' title='bbox 1080 1743 1216 1818; x_wconf 76' lang='lat' dir='ltr'>aeta,</span> 
     </span>
     <span class='ocr_line' id='line_1_19' title="bbox 193 1830 1216 1910; baseline -0.003 -19"><span class='ocrx_word' id='word_1_141' title='bbox 193 1834 228 1891; x_wconf 88' lang='lat' dir='ltr'>ut</span> <span class='ocrx_word' id='word_1_142' title='bbox 254 1831 393 1910; x_wconf 82' lang='lat' dir='ltr'>graviora</span> <span class='ocrx_word' id='word_1_143' title='bbox 420 1831 470 1889; x_wconf 92' lang='lat' dir='ltr'>hic</span> <span class='ocrx_word' id='word_1_144' title='bbox 496 1831 630 1890; x_wconf 83' lang='lat' dir='ltr'>referam.</span> <span class='ocrx_word' id='word_1_145' title='bbox 676 1833 710 1889; x_wconf 89' lang='lat' dir='ltr'>at</span> <span class='ocrx_word' id='word_1_146' title='bbox 736 1849 807 1908; x_wconf 91' lang='lat' dir='ltr'>prae</span> <span class='ocrx_word' id='word_1_147' title='bbox 835 1831 940 1890; x_wconf 81' lang='lat' dir='ltr'>ceteris</span> <span class='ocrx_word' id='word_1_148' title='bbox 962 1835 975 1889; x_wconf 88' lang='lat' dir='ltr'>t</span> <span class='ocrx_word' id='word_1_149' title='bbox 996 1830 1216 1890; x_wconf 87' lang='lat' dir='ltr'>detrimentum</span> 
     </span>
     <span class='ocr_line' id='line_1_20' title="bbox 193 1919 1214 1998; baseline 0 -20"><span class='ocrx_word' id='word_1_150' title='bbox 193 1921 274 1997; x_wconf 83' lang='lat' dir='ltr'>fecit,</span> <span class='ocrx_word' id='word_1_151' title='bbox 302 1940 357 1996; x_wconf 92' lang='lat' dir='ltr'>pro</span> <span class='ocrx_word' id='word_1_152' title='bbox 385 1938 444 1996; x_wconf 90' lang='lat' dir='ltr'>qua</span> <span class='ocrx_word' id='word_1_153' title='bbox 468 1919 544 1978; x_wconf 88' lang='lat' dir='ltr'>aliae</span> <span class='ocrx_word' id='word_1_154' title='bbox 568 1920 687 1979; x_wconf 84' lang='lat' dir='ltr'>litterae</span> <span class='ocrx_word' id='word_1_155' title='bbox 709 1921 771 1979; x_wconf 82' lang='lat' dir='ltr'>fere</span> <span class='ocrx_word' id='word_1_156' title='bbox 795 1939 895 1980; x_wconf 88' lang='lat' dir='ltr'>omnes</span> <span class='ocrx_word' id='word_1_157' title='bbox 918 1920 1066 1998; x_wconf 90' lang='lat' dir='ltr'>leguntur.</span> <span class='ocrx_word' id='word_1_158' title='bbox 1112 1934 1214 1994; x_wconf 83' lang='lat' dir='ltr'>quare</span> 
     </span>
     <span class='ocr_line' id='line_1_21' title="bbox 194 2007 1215 2085; baseline 0 -17"><span class='ocrx_word' id='word_1_159' title='bbox 194 2009 390 2085; x_wconf 87' lang='lat' dir='ltr'>archetypum</span> <span class='ocrx_word' id='word_1_160' title='bbox 417 2008 527 2067; x_wconf 88' lang='lat' dir='ltr'>codicis</span> <span class='ocrx_word' id='word_1_161' title='bbox 553 2028 614 2068; x_wconf 92' lang='lat' dir='ltr'>non</span> <span class='ocrx_word' id='word_1_162' title='bbox 641 2008 842 2084; x_wconf 88' lang='lat' dir='ltr'>antiquiorem</span> <span class='ocrx_word' id='word_1_163' title='bbox 869 2009 986 2069; x_wconf 90' lang='lat' dir='ltr'>saeculo</span> <span class='ocrx_word' id='word_1_164' title='bbox 1014 2007 1088 2067; x_wconf 83' lang='lat' dir='ltr'>XIII</span> <span class='ocrx_word' id='word_1_165' title='bbox 1115 2007 1215 2068; x_wconf 86' lang='lat' dir='ltr'>fuisse</span> 
     </span>
     <span class='ocr_line' id='line_1_22' title="bbox 194 2097 1213 2176; baseline -0.002 -20"><span class='ocrx_word' id='word_1_166' title='bbox 194 2100 277 2176; x_wconf 84' lang='lat' dir='ltr'>puto,</span> <span class='ocrx_word' id='word_1_167' title='bbox 305 2116 323 2155; x_wconf 92' lang='lat' dir='ltr'>a</span> <span class='ocrx_word' id='word_1_168' title='bbox 351 2115 411 2173; x_wconf 90' lang='lat' dir='ltr'>quo</span> <span class='ocrx_word' id='word_1_169' title='bbox 439 2099 572 2172; x_wconf 83' lang='lat' dir='ltr'>tompore</span> <span class='ocrx_word' id='word_1_170' title='bbox 595 2097 764 2156; x_wconf 84' lang='lat' dir='ltr'>tlitterula</span> <span class='ocrx_word' id='word_1_171' title='bbox 790 2097 888 2157; x_wconf 90' lang='lat' dir='ltr'>minus</span> <span class='ocrx_word' id='word_1_172' title='bbox 910 2097 989 2157; x_wconf 89' lang='lat' dir='ltr'>clare</span> <span class='ocrx_word' id='word_1_173' title='bbox 1012 2099 1135 2156; x_wconf 86' lang='lat' dir='ltr'>exarata</span> <span class='ocrx_word' id='word_1_174' title='bbox 1160 2097 1213 2155; x_wconf 89' lang='lat' dir='ltr'>sit.</span> 
     </span>
     <span class='ocr_line' id='line_1_23' title="bbox 193 2185 1215 2262; baseline -0.001 -18"><span class='ocrx_word' id='word_1_175' title='bbox 193 2185 224 2244; x_wconf 81' lang='lat' dir='ltr'>m</span> <span class='ocrx_word' id='word_1_176' title='bbox 253 2187 283 2244; x_wconf 91' lang='lat' dir='ltr'>et</span> <span class='ocrx_word' id='word_1_177' title='bbox 311 2204 346 2259; x_wconf 77' lang='lat' dir='ltr'>a,</span> <span class='ocrx_word' id='word_1_178' title='bbox 375 2201 452 2261; x_wconf 89' lang='lat' dir='ltr'>quae</span> <span class='ocrx_word' id='word_1_179' title='bbox 480 2185 561 2244; x_wconf 90' lang='lat' dir='ltr'>linea</span> <span class='ocrx_word' id='word_1_180' title='bbox 589 2187 760 2244; x_wconf 81' lang='lat' dir='ltr'>transuersa</span> <span class='ocrx_word' id='word_1_181' title='bbox 789 2203 880 2262; x_wconf 90' lang='lat' dir='ltr'>supra</span> <span class='ocrx_word' id='word_1_182' title='bbox 909 2187 1087 2262; x_wconf 86' lang='lat' dir='ltr'>scripturam</span> <span class='ocrx_word' id='word_1_183' title='bbox 1116 2185 1215 2262; x_wconf 88' lang='lat' dir='ltr'>signi·</span> 
     </span>
     <span class='ocr_line' id='line_1_24' title="bbox 194 2270 1214 2348; baseline 0.003 -16"><span class='ocrx_word' id='word_1_184' title='bbox 194 2273 331 2348; x_wconf 88' lang='lat' dir='ltr'>ficantur,</span> <span class='ocrx_word' id='word_1_185' title='bbox 344 2273 425 2332; x_wconf 93' lang='lat' dir='ltr'>haud</span> <span class='ocrx_word' id='word_1_186' title='bbox 438 2289 506 2332; x_wconf 89' lang='lat' dir='ltr'>raro</span> <span class='ocrx_word' id='word_1_187' title='bbox 521 2270 711 2348; x_wconf 84' lang='lat' dir='ltr'>omittuntur,</span> <span class='ocrx_word' id='word_1_188' title='bbox 726 2273 878 2333; x_wconf 87' lang='lat' dir='ltr'>interdum</span> <span class='ocrx_word' id='word_1_189' title='bbox 891 2275 999 2334; x_wconf 88' lang='lat' dir='ltr'>stolide</span> <span class='ocrx_word' id='word_1_190' title='bbox 1012 2275 1214 2335; x_wconf 84' lang='lat' dir='ltr'>inculcantur,</span> 
     </span>
     <span class='ocr_line' id='line_1_25' title="bbox 195 2360 1216 2441; baseline 0.002 -21"><span class='ocrx_word' id='word_1_191' title='bbox 195 2363 232 2421; x_wconf 92' lang='lat' dir='ltr'>de</span> <span class='ocrx_word' id='word_1_192' title='bbox 259 2362 328 2422; x_wconf 90' lang='lat' dir='ltr'>aliis</span> <span class='ocrx_word' id='word_1_193' title='bbox 355 2360 551 2437; x_wconf 84' lang='lat' dir='ltr'>compendiis,</span> <span class='ocrx_word' id='word_1_194' title='bbox 582 2381 659 2438; x_wconf 88' lang='lat' dir='ltr'>quae</span> <span class='ocrx_word' id='word_1_195' title='bbox 686 2365 833 2440; x_wconf 85' lang='lat' dir='ltr'>apparent</span> <span class='ocrx_word' id='word_1_196' title='bbox 858 2363 891 2421; x_wconf 93' lang='lat' dir='ltr'>in</span> <span class='ocrx_word' id='word_1_197' title='bbox 917 2363 1025 2441; x_wconf 84' lang='lat' dir='ltr'>codice,</span> <span class='ocrx_word' id='word_1_198' title='bbox 1053 2382 1120 2423; x_wconf 92' lang='lat' dir='ltr'>cum</span> <span class='ocrx_word' id='word_1_199' title='bbox 1148 2364 1216 2422; x_wconf 90' lang='lat' dir='ltr'>sint</span> 
     </span>
     <span class='ocr_line' id='line_1_26' title="bbox 194 2443 1255 2532; baseline 0 -20"><span class='ocrx_word' id='word_1_200' title='bbox 194 2450 341 2528; x_wconf 77' lang='lat' dir='ltr'>volgaria,</span> <span class='ocrx_word' id='word_1_201' title='bbox 363 2470 424 2510; x_wconf 88' lang='lat' dir='ltr'>non</span> <span class='ocrx_word' id='word_1_202' title='bbox 446 2452 504 2525; x_wconf 86' lang='lat' dir='ltr'>est,</span> <span class='ocrx_word' id='word_1_203' title='bbox 527 2451 607 2526; x_wconf 91' lang='lat' dir='ltr'>quod</span> <span class='ocrx_word' id='word_1_204' title='bbox 629 2450 739 2526; x_wconf 88' lang='lat' dir='ltr'>dicam,</span> <span class='ocrx_word' id='word_1_205' title='bbox 761 2451 819 2511; x_wconf 91' lang='lat' dir='ltr'>nisi</span> <span class='ocrx_word' id='word_1_206' title='bbox 842 2452 963 2528; x_wconf 79' lang='lat' dir='ltr'>quodp</span> <span class='ocrx_word' id='word_1_207' title='bbox 986 2477 1029 2500; x_wconf 86' lang='lat'>=</span> <span class='ocrx_word' id='word_1_208' title='bbox 1046 2469 1104 2526; x_wconf 80' lang='lat' dir='ltr'>per</span> <span class='ocrx_word' id='word_1_209' title='bbox 1126 2443 1214 2532; x_wconf 68' lang='lat' dir='ltr'>(por,</span> <span class='ocrx_word' id='word_1_210' title='bbox 1254 2485 1255 2530; x_wconf 66' lang='lat'>3</span> 
     </span>
     <span class='ocr_line' id='line_1_27' title="bbox 190 2531 1255 2632; baseline -0.001 -31"><span class='ocrx_word' id='word_1_211' title='bbox 190 2535 276 2617; x_wconf 77' lang='lat' dir='ltr'>par),</span> <span class='ocrx_word' id='word_1_212' title='bbox 297 2537 325 2616; x_wconf 69' lang='lat' dir='ltr'>p</span> <span class='ocrx_word' id='word_1_213' title='bbox 348 2563 390 2586; x_wconf 82' lang='lat'>==</span> <span class='ocrx_word' id='word_1_214' title='bbox 408 2556 485 2613; x_wconf 81' lang='lat' dir='ltr'>proc</span> <span class='ocrx_word' id='word_1_215' title='bbox 512 2531 604 2632; x_wconf 59' lang='lat' dir='ltr'>(ff),</span> <span class='ocrx_word' id='word_1_216' title='bbox 630 2557 655 2628; x_wconf 78' lang='lat' dir='ltr'>p</span> <span class='ocrx_word' id='word_1_217' title='bbox 679 2565 722 2588; x_wconf 87' lang='lat'>==</span> <span class='ocrx_word' id='word_1_218' title='bbox 740 2557 799 2615; x_wconf 82' lang='lat' dir='ltr'>pro</span> <span class='ocrx_word' id='word_1_219' title='bbox 827 2542 881 2600; x_wconf 92' lang='lat' dir='ltr'>aut</span> <span class='ocrx_word' id='word_1_220' title='bbox 901 2539 1002 2616; x_wconf 74' lang='lat' dir='ltr'>pondo</span> <span class='ocrx_word' id='word_1_221' title='bbox 1029 2539 1214 2619; x_wconf 80' lang='lat' dir='ltr'>significant.</span> <span class='ocrx_word' id='word_1_222' title='bbox 1254 2545 1255 2588; x_wconf 81' lang='lat' dir='ltr'>l</span> 
     </span>
     <span class='ocr_line' id='line_1_28' title="bbox 196 2626 1255 2729; baseline 0.003 -22"><span class='ocrx_word' id='word_1_223' title='bbox 196 2630 627 2726; x_wconf 71' lang='lat' dir='ltr'>mt(c)a&#39;aorcm(aorve1</span> <span class='ocrx_word' id='word_1_224' title='bbox 649 2626 702 2728; x_wconf 71' lang='grc' dir='ltr'>αἰ),</span> <span class='ocrx_word' id='word_1_225' title='bbox 725 2648 812 2706; x_wconf 69' lang='lat' dir='ltr'>aaut</span> <span class='ocrx_word' id='word_1_226' title='bbox 837 2637 910 2729; x_wconf 73' lang='lat' dir='ltr'>(ur)</span> <span class='ocrx_word' id='word_1_227' title='bbox 935 2649 965 2706; x_wconf 74' lang='lat' dir='ltr'>es</span> <span class='ocrx_word' id='word_1_228' title='bbox 987 2649 1118 2708; x_wconf 70' lang='lat' dir='ltr'>amorre</span> <span class='ocrx_word' id='word_1_229' title='bbox 1136 2638 1215 2729; x_wconf 73' lang='lat' dir='ltr'>(nt)</span> <span class='ocrx_word' id='word_1_230' title='bbox 1254 2641 1255 2655; x_wconf 57' lang='lat'>³</span> 
     </span>
     <span class='ocr_line' id='line_1_29' title="bbox 196 2734 637 2811; baseline -0.002 -16"><span class='ocrx_word' id='word_1_231' title='bbox 196 2735 305 2811; x_wconf 91' lang='lat' dir='ltr'>ubique</span> <span class='ocrx_word' id='word_1_232' title='bbox 327 2734 471 2810; x_wconf 82' lang='lat' dir='ltr'>permIsta</span> <span class='ocrx_word' id='word_1_233' title='bbox 492 2735 637 2794; x_wconf 80' lang='lat' dir='ltr'>videmus.</span> 
     </span>
    </p>

    <p class='ocr_par' dir='ltr' id='par_1_5' title="bbox 197 2823 1217 3612">
     <span class='ocr_line' id='line_1_30' title="bbox 284 2823 1215 2901; baseline 0.002 -19"><span class='ocrx_word' id='word_1_234' title='bbox 284 2823 524 2898; x_wconf 90' lang='lat' dir='ltr'>Praepositiones</span> <span class='ocrx_word' id='word_1_235' title='bbox 548 2842 615 2883; x_wconf 91' lang='lat' dir='ltr'>cum</span> <span class='ocrx_word' id='word_1_236' title='bbox 636 2823 767 2898; x_wconf 82' lang='lat' dir='ltr'>vocibus,</span> <span class='ocrx_word' id='word_1_237' title='bbox 795 2823 833 2883; x_wconf 90' lang='lat' dir='ltr'>ad</span> <span class='ocrx_word' id='word_1_238' title='bbox 857 2843 929 2901; x_wconf 88' lang='lat' dir='ltr'>ques</span> <span class='ocrx_word' id='word_1_239' title='bbox 953 2825 1113 2901; x_wconf 82' lang='lat' dir='ltr'>pertinent,</span> <span class='ocrx_word' id='word_1_240' title='bbox 1140 2843 1215 2884; x_wconf 92' lang='lat' dir='ltr'>con·</span> 
     </span>
     <span class='ocr_line' id='line_1_31' title="bbox 197 2911 1215 2991; baseline 0.002 -19"><span class='ocrx_word' id='word_1_241' title='bbox 197 2913 291 2991; x_wconf 87' lang='lat' dir='ltr'>iungi,</span> <span class='ocrx_word' id='word_1_242' title='bbox 316 2912 348 2972; x_wconf 89' lang='lat' dir='ltr'>in</span> <span class='ocrx_word' id='word_1_243' title='bbox 366 2911 463 2972; x_wconf 80' lang='lat' dir='ltr'>verbIs</span> <span class='ocrx_word' id='word_1_244' title='bbox 488 2913 659 2988; x_wconf 88' lang='lat' dir='ltr'>compositis</span> <span class='ocrx_word' id='word_1_245' title='bbox 682 2931 752 2972; x_wconf 86' lang='lat' dir='ltr'>vero</span> <span class='ocrx_word' id='word_1_246' title='bbox 775 2930 794 2971; x_wconf 92' lang='lat' dir='ltr'>a</span> <span class='ocrx_word' id='word_1_247' title='bbox 813 2913 941 2990; x_wconf 90' lang='lat' dir='ltr'>simplici</span> <span class='ocrx_word' id='word_1_248' title='bbox 962 2913 1052 2974; x_wconf 82' lang='lat' dir='ltr'>verbo</span> <span class='ocrx_word' id='word_1_249' title='bbox 1076 2917 1215 2990; x_wconf 87' lang='lat' dir='ltr'>separari</span> 
     </span>
     <span class='ocr_line' id='line_1_32' title="bbox 198 3000 1217 3077; baseline 0.003 -18"><span class='ocrx_word' id='word_1_250' title='bbox 198 3001 303 3060; x_wconf 86' lang='lat' dir='ltr'>solent.</span> <span class='ocrx_word' id='word_1_251' title='bbox 361 3019 457 3077; x_wconf 90' lang='lat' dir='ltr'>neque</span> <span class='ocrx_word' id='word_1_252' title='bbox 493 3018 561 3060; x_wconf 90' lang='lat' dir='ltr'>raro</span> <span class='ocrx_word' id='word_1_253' title='bbox 599 3000 739 3060; x_wconf 85' lang='lat' dir='ltr'>librarius</span> <span class='ocrx_word' id='word_1_254' title='bbox 775 3020 861 3061; x_wconf 86' lang='lat' dir='ltr'>voces</span> <span class='ocrx_word' id='word_1_255' title='bbox 896 3003 975 3060; x_wconf 87' lang='lat' dir='ltr'>male</span> <span class='ocrx_word' id='word_1_256' title='bbox 1007 3001 1147 3062; x_wconf 90' lang='lat' dir='ltr'>dissecuit</span> <span class='ocrx_word' id='word_1_257' title='bbox 1182 3008 1217 3062; x_wconf 90' lang='lat' dir='ltr'>et</span> 
     </span>
     <span class='ocr_line' id='line_1_33' title="bbox 198 3089 1216 3173; baseline 0.003 -25"><span class='ocrx_word' id='word_1_258' title='bbox 198 3090 328 3164; x_wconf 85' lang='lat' dir='ltr'>syllabas</span> <span class='ocrx_word' id='word_1_259' title='bbox 350 3090 399 3149; x_wconf 85' lang='lat' dir='ltr'>vel</span> <span class='ocrx_word' id='word_1_260' title='bbox 421 3089 572 3149; x_wconf 86' lang='lat' dir='ltr'>litterulas</span> <span class='ocrx_word' id='word_1_261' title='bbox 595 3089 727 3150; x_wconf 84' lang='lat' dir='ltr'>divulsas</span> <span class='ocrx_word' id='word_1_262' title='bbox 749 3089 877 3173; x_wconf 25' lang='lat' dir='ltr'>uocibus!</span> <span class='ocrx_word' id='word_1_263' title='bbox 893 3090 1133 3150; x_wconf 88' lang='lat' dir='ltr'>antecedentibus</span> <span class='ocrx_word' id='word_1_264' title='bbox 1157 3097 1216 3152; x_wconf 89' lang='lat' dir='ltr'>aut</span> 
     </span>
     <span class='ocr_line' id='line_1_34' title="bbox 198 3177 1216 3256; baseline 0.004 -20"><span class='ocrx_word' id='word_1_265' title='bbox 198 3177 420 3253; x_wconf 74' lang='lat' dir='ltr'>Insequentibus</span> <span class='ocrx_word' id='word_1_266' title='bbox 448 3178 649 3256; x_wconf 86' lang='lat' dir='ltr'>agglutinavit</span> <span class='ocrx_word' id='word_1_267' title='bbox 675 3180 706 3238; x_wconf 87' lang='lat' dir='ltr'>et</span> <span class='ocrx_word' id='word_1_268' title='bbox 727 3178 875 3238; x_wconf 89' lang='lat' dir='ltr'>horrenda</span> <span class='ocrx_word' id='word_1_269' title='bbox 896 3178 1054 3239; x_wconf 85' lang='lat' dir='ltr'>verborum</span> <span class='ocrx_word' id='word_1_270' title='bbox 1076 3183 1216 3240; x_wconf 87' lang='lat' dir='ltr'>monstra</span> 
     </span>
     <span class='ocr_line' id='line_1_35' title="bbox 198 3265 1215 3344; baseline 0.006 -20"><span class='ocrx_word' id='word_1_271' title='bbox 198 3265 293 3324; x_wconf 73' lang='lat' dir='ltr'>finxit,</span> <span class='ocrx_word' id='word_1_272' title='bbox 345 3266 515 3342; x_wconf 90' lang='lat' dir='ltr'>saepissime</span> <span class='ocrx_word' id='word_1_273' title='bbox 543 3269 643 3326; x_wconf 89' lang='lat' dir='ltr'>autem</span> <span class='ocrx_word' id='word_1_274' title='bbox 670 3267 787 3326; x_wconf 90' lang='lat' dir='ltr'>litteras</span> <span class='ocrx_word' id='word_1_275' title='bbox 814 3268 863 3327; x_wconf 82' lang='lat' dir='ltr'>vel</span> <span class='ocrx_word' id='word_1_276' title='bbox 890 3267 1021 3344; x_wconf 90' lang='lat' dir='ltr'>syllabas</span> <span class='ocrx_word' id='word_1_277' title='bbox 1048 3269 1097 3328; x_wconf 86' lang='lat' dir='ltr'>vel</span> <span class='ocrx_word' id='word_1_278' title='bbox 1123 3287 1215 3330; x_wconf 79' lang='lat' dir='ltr'>voces</span> 
     </span>
     <span class='ocr_line' id='line_1_36' title="bbox 198 3353 1217 3434; baseline 0.005 -22"><span class='ocrx_word' id='word_1_279' title='bbox 198 3355 280 3413; x_wconf 85' lang='lat' dir='ltr'>totas</span> <span class='ocrx_word' id='word_1_280' title='bbox 306 3353 460 3413; x_wconf 70' lang='lat' dir='ltr'>bansiluit</span> <span class='ocrx_word' id='word_1_281' title='bbox 486 3356 540 3414; x_wconf 88' lang='lat' dir='ltr'>aut</span> <span class='ocrx_word' id='word_1_282' title='bbox 561 3357 661 3431; x_wconf 79' lang='lat' dir='ltr'>Inepte</span> <span class='ocrx_word' id='word_1_283' title='bbox 685 3354 787 3428; x_wconf 80' lang='grc' dir='ltr'><strong><em>διττῶς</em></strong></span> <span class='ocrx_word' id='word_1_284' title='bbox 809 3356 929 3434; x_wconf 82' lang='lat' dir='ltr'>scripsIt</span> <span class='ocrx_word' id='word_1_285' title='bbox 951 3359 1004 3417; x_wconf 89' lang='lat' dir='ltr'>aut</span> <span class='ocrx_word' id='word_1_286' title='bbox 1024 3359 1217 3434; x_wconf 84' lang='lat' dir='ltr'>transposuit</span> 
     </span>
     <span class='ocr_line' id='line_1_37' title="bbox 199 3442 1217 3522; baseline 0.004 -20"><span class='ocrx_word' id='word_1_287' title='bbox 199 3461 253 3503; x_wconf 90' lang='lat' dir='ltr'>nec</span> <span class='ocrx_word' id='word_1_288' title='bbox 279 3459 375 3518; x_wconf 87' lang='lat' dir='ltr'>pauca</span> <span class='ocrx_word' id='word_1_289' title='bbox 404 3442 511 3502; x_wconf 87' lang='lat' dir='ltr'>stolide</span> <span class='ocrx_word' id='word_1_290' title='bbox 538 3444 741 3520; x_wconf 85' lang='lat' dir='ltr'>interpolavit.</span> <span class='ocrx_word' id='word_1_291' title='bbox 787 3463 876 3521; x_wconf 87' lang='lat' dir='ltr'>porro</span> <span class='ocrx_word' id='word_1_292' title='bbox 899 3445 1030 3522; x_wconf 87' lang='lat' dir='ltr'>syllabas</span> <span class='ocrx_word' id='word_1_293' title='bbox 1052 3445 1157 3506; x_wconf 87' lang='lat' dir='ltr'>finales</span> <span class='ocrx_word' id='word_1_294' title='bbox 1182 3451 1217 3506; x_wconf 90' lang='lat' dir='ltr'>et</span> 
     </span>
     <span class='ocr_line' id='line_1_38' title="bbox 199 3530 1216 3612; baseline 0.004 -22"><span class='ocrx_word' id='word_1_295' title='bbox 199 3532 232 3590; x_wconf 89' lang='lat' dir='ltr'>in</span> <span class='ocrx_word' id='word_1_296' title='bbox 250 3530 447 3590; x_wconf 88' lang='lat' dir='ltr'>declinatione</span> <span class='ocrx_word' id='word_1_297' title='bbox 466 3534 497 3591; x_wconf 89' lang='lat' dir='ltr'>et</span> <span class='ocrx_word' id='word_1_298' title='bbox 514 3532 546 3590; x_wconf 91' lang='lat' dir='ltr'>in</span> <span class='ocrx_word' id='word_1_299' title='bbox 564 3533 773 3611; x_wconf 85' lang='lat' dir='ltr'>coniugatione</span> <span class='ocrx_word' id='word_1_300' title='bbox 790 3551 884 3610; x_wconf 86' lang='lat' dir='ltr'>usque</span> <span class='ocrx_word' id='word_1_301' title='bbox 903 3553 1020 3610; x_wconf 88' lang='lat' dir='ltr'>quaque</span> <span class='ocrx_word' id='word_1_302' title='bbox 1043 3535 1216 3612; x_wconf 85' lang='lat' dir='ltr'>conturbat,</span> 
     </span>
    </p>
   </div>
   <div class='ocr_carea' id='block_1_4' title="bbox 0 0 1272 3906">
    <p class='ocr_par' dir='ltr' id='par_1_6' title="bbox 0 0 1272 3906">
     <span class='ocr_line' id='line_1_39' title="bbox 0 0 1272 3906; baseline 0 0"><span class='ocrx_word' id='word_1_303' title='bbox 0 0 1272 3906; x_wconf 95' lang='lat' dir='ltr'> </span> 
     </span>
    </p>
   </div>
  </div>
 </body>
</html>
