2470 3902
191 180 234 246 70
377 179 659 240 MULOMEDICINA
678 180 848 238 CHIRONIS
868 189 1009 244 231-234

189 331 307 405 scibelc',
339 332 370 390 et
398 333 604 407 praefocatum
631 333 824 411 longaonem,
853 353 911 410 quo
939 351 1045 392 manus
1076 333 1124 392 vix
1149 333 1186 390 111-

188 422 296 493 troeat,
319 420 395 479 scias
418 441 485 480 eum
509 422 674 500 emiragma
696 422 761 498 pati
785 426 815 481 et
837 423 1009 498 periclitari.
1173 459 1176 482 ÷

111 509 169 564 231
256 511 287 567 et
309 509 335 568 si
358 509 479 569 inflatus
502 528 562 569 11011
589 511 692 585 fuerit,
719 511 909 572 vehementer
935 514 1037 570 tamen
1063 517 1093 568 et
1114 509 1186 568 tarde

188 597 282 674 dolet,
313 598 338 656 si
367 618 489 658 manum
518 600 633 658 miseris
661 603 691 658 et
721 600 858 659 similiter
886 604 917 659 et
943 598 1042 660 totum
1067 601 1186 660 ventrem

190 688 334 762 tympano
369 688 508 747 similiter
541 689 698 748 tractando
729 689 869 764 sensoria,
899 693 966 748 curin
996 689 1050 748 ilio
1078 688 1140 764 pati
1164 689 1212 744 ets

190 775 250 834 cito
273 775 439 852 periclitari
463 780 548 836 scias.
593 781 620 836 si
641 780 766 837 vectum
795 779 866 838 dare
889 779 1034 854 coeperit,
1069 780 1138 836 tunc
1163 777 1187 833 11

190 864 243 922 1110
267 883 333 940 spes
357 865 415 924 erit
436 865 563 925 vivendi,

108 953 169 1010 232
255 954 280 1012 si
290 971 411 1012 manum
422 953 538 1012 miseris
547 956 578 1012 et
591 954 724 1013 invenies
738 974 791 1014 uec
800 956 887 1014 valde
897 958 998 1031 patere
1013 956 1186 1032 longaonen,

57 1043 164 1102 118¹b
188 1043 266 1101 sicut
284 1045 336 1117 est,
358 1042 471 1117 monui,
488 1043 660 1118 praefocato
680 1043 826 1121 similiter,
847 1038 851 1121 Ι
870 1047 908 1103 11
926 1044 1062 1119 superius
1082 1044 1149 1117 dixi,
1165 1044 1187 1099 el

188 1134 318 1190 stercora
332 1151 392 1190 non
406 1131 510 1206 multa,
528 1149 582 1190 nec
596 1134 696 1191 tamen
713 1132 854 1192 inflatum
868 1151 939 1208 esse,
958 1133 1034 1192 scias
1049 1152 1116 1192 eum
1130 1151 1187 1190 ven·
1197 1149 1225 1188 11,

188 1223 264 1278 trem
287 1220 392 1294 dolere,
414 1220 447 1278 id
469 1222 514 1278 est
533 1221 743 1297 aqualiculum.
786 1222 845 1281 cito
871 1222 1047 1300 refrigerare
1066 1222 1149 1298 solet,
1168 1219 1187 1276 si
1224 1217 1225 1268 1

188 1309 323 1366 celeriter
341 1309 383 1366 eis
402 1311 599 1368 succurratur.
632 1310 658 1369 si
672 1310 789 1368 tardius
807 1310 839 1368 in
858 1311 959 1370 dolore
977 1308 1187 1387 protrigaverit,

187 1396 350 1456 difficiliter
368 1398 503 1457 evadent.
537 1418 572 1456 ex
589 1399 645 1458 hac
663 1399 779 1458 ratione
798 1399 994 1475 chordapsum
1011 1399 1075 1457 fieri
1095 1398 1187 1458 solent.
1224 1429 1225 1432 =

113 1490 171 1546 233
257 1486 283 1544 si
305 1505 396 1546 manu
418 1487 534 1546 miseris
562 1490 593 1546 et
621 1487 749 1546 similem
778 1488 926 1547 rationem
952 1477 1112 1565 longaonis
1136 1487 1188 1545 sine
1224 1505 1225 1536 1

186 1575 249 1634 ulla
283 1575 436 1635 inflatione
468 1576 626 1651 inveneris,
659 1579 689 1634 et
720 1595 780 1635 non
813 1578 984 1653 frequenter
1012 1577 1225 1641 volutanteua

187 1665 239 1723 sed
260 1664 454 1740 proicientem
478 1683 508 1724 se
532 1665 655 1723 subinde
682 1666 713 1723 iu
743 1666 878 1726 dextram
907 1668 1037 1741 partem,
1067 1663 1188 1724 extendit

186 1772 216 1812 se
249 1754 335 1830 quasi
373 1754 412 1811 ad
449 1772 592 1812 conamen
627 1754 790 1830 mictionis,
832 1755 1008 1830 depremito,
1032 1773 1123 1812 manu
1158 1751 1188 1810 ad
1224 1774 1225 1807 i

187 1841 321 1900 demam
340 1845 466 1918 partem.
503 1843 545 1902 ibi
568 1843 725 1920 longaonis
743 1843 876 1902 invenies
891 1843 1033 1902 duritiam
1046 1843 1187 1920 ingentem
1224 1875 1225 1894 1

187 1931 357 1990 cucurbitae
388 1931 533 1990 rotundae
565 1931 597 1989 in
627 1932 717 2009 longo
748 1932 883 1992 similem.
929 1931 1002 1991 scies
1035 1951 1102 1996 eum
1128 1929 1188 1990 coli·
1224 1983 1225 1986 ,

187 2039 253 2078 cum
272 2037 342 2079 esse.
379 2020 428 2079 hic
447 2020 525 2078 enim
546 2021 629 2080 locus
648 2021 784 2080 intestini
806 2022 885 2080 colus
906 2024 963 2096 est,
981 2041 1069 2097 quem
1089 2022 1225 2096 quantos

186 2105 335 2166 duriorem
358 2108 514 2184 inveneris
538 2111 624 2168 tanto
647 2109 783 2184 plurimis
807 2110 910 2168 diebus
928 2109 1026 2168 dolere
1045 2127 1096 2168 eos
1114 2108 1187 2167 scias.

109 2202 167 2257 234
186 2199 320 2260 rarenter
353 2197 472 2272 quidem
499 2197 694 2272 periclitatur.
743 2202 773 2258 et
800 2200 902 2258 dolent
930 2219 984 2275 per
1010 2218 1071 2258 non
1102 2198 1188 2256 minus

185 2285 289 2344 diebus
312 2285 425 2345 duobus
448 2287 496 2345 vel
519 2286 628 2360 tribus,
651 2306 705 2345 nec
727 2306 797 2346 vero
822 2289 874 2364 qui
896 2287 1025 2363 tardius,
1049 2305 1109 2345 non
1130 2286 1187 2361 plus

186 2374 316 2450 quinque
339 2378 408 2450 post
431 2374 510 2433 diem
537 2375 665 2450 primum
696 2376 815 2434 doloris.
861 2380 1006 2452 quantum
1032 2370 1186 2434 molliorem

185 2463 334 2524 inveneris
355 2461 412 2540 [in]
434 2484 503 2522 eum
520 2464 627 2539 locum,
650 2467 735 2523 tanto
753 2465 885 2525 velocius
903 2465 1146 2543 refrigeratmum
1163 2463 1212 2518 eta

185 2572 245 2612 non
272 2572 326 2628 per
357 2553 458 2627 plures
490 2552 552 2611 dies
584 2552 686 2612 dolore
718 2553 923 2612 laboraturum
956 2554 1037 2612 scies.
1082 2553 1114 2611 in
1136 2567 1185 2627 quo

185 2645 316 2701 stercora
347 2641 539 2717 procedentia
570 2661 630 2701 non
662 2642 758 2701 multa
789 2643 936 2718 paulatim
964 2643 997 2708 in
1019 2641 1186 2720 longaonem
1224 2697 1225 2702 χ

185 2730 325 2792 invenies.
368 2731 420 2806 qui
442 2748 502 2789 non
524 2725 693 2806 refrigerat,
715 2731 773 2789 nisi
795 2732 924 2793 multum
947 2731 1084 2790 stercoris
1103 2727 1187 2788 adsel-
1224 2763 1225 2766 =

185 2820 265 2880 latus
287 2819 386 2878 fuerit.
432 2819 535 2878 statim
557 2819 606 2878 hic
634 2820 716 2879 locus
745 2820 894 2896 intestini,
918 2821 1013 2896 colus,
1038 2819 1090 2896 qui
1112 2835 1186 2894 prae·
1224 2853 1225 2882 1

183 2908 345 2984 duraverit,
367 2926 427 2967 non
450 2912 611 2986 comparet,
635 2911 665 2967 et
688 2927 777 2967 sanus
799 2909 858 2968 fiet.
1194 2921 1212 2962 u

256 3048 269 3094 1
291 3042 419 3097 scibelet:
438 3069 471 3088 =
491 3041 631 3113 ouvddloc
651 3043 679 3096 et
698 3043 739 3110 B,
764 3042 895 3111 squibala
913 3044 932 3097 1.
947 3062 967 3097 e.
989 3042 1097 3096 soibala
1123 3041 1185 3108 ch,

182 3107 1185 3255 1111111111111111111111111111111111

182 3202 287 3337 fatundf
305 3272 374 3337 corr.
391 3257 452 3337 ch.
467 3258 476 3325 ΙΙ
491 3202 663 3309 1191101οτ0111
676 3257 686 3324 ΙΙ
701 3261 734 3308 13
747 3255 920 3326 hordapsum
933 3258 943 3326 ll
957 3229 990 3310 1'4
1011 3229 1185 3326 1700112211

184 3332 216 3378 17
231 3328 368 3397 1011011011
383 3332 454 3380 19111
467 3328 623 3395 longaone?
637 3328 646 3395 ΙΙ
660 3327 781 3380 2000111
796 3325 948 3398 0901100111
965 3327 970 3396 l
986 3327 1112 3396 quando:
1126 3339 1183 3380 corr.
1224 3361 1225 3368 1

183 3397 211 3448 B
224 3399 234 3466 ΙΙ
248 3403 280 3449 21
306 3398 472 3467 (1010101124
495 3396 651 3452 meliorem:
670 3413 738 3451 corr.
761 3399 894 3469 17091129
917 3397 996 3452 culus
1014 3403 1017 3464 Ι
1034 3397 1130 3452 statim
1151 3394 1184 3448 in·
1224 3433 1225 3454 l

182 3467 330 3535 teatinum,
355 3468 432 3535 quod
455 3467 490 3521 de
509 3467 570 3522 colo
589 3467 789 3538 praeduratum
808 3469 901 3523 fuerat
924 3471 954 3522 et
975 3469 1117 3536 tumebat,
1138 3482 1185 3520 uon
1224 3503 1225 3518 1

184 3537 334 3608 apparebit
357 3540 418 3608 Vep.
1224 3559 1225 3566 ¹
