2474 3910
232 133 513 189 uuuonnnicinn
532 133 699 189 cnmorns
720 140 858 188 711-714
982 91 1046 198 223

59 284 117 342 item
139 285 237 343 locum
259 285 366 360 pannis
388 285 458 343 linis
482 287 512 343 et
535 287 618 344 aceto
643 287 673 344 et
693 285 758 343 oleo
778 285 945 361 complebis,
969 289 1049 345 cata-

58 372 159 447 plasma
181 394 235 448 per
256 374 356 432 triduo
378 373 520 449 inponere
544 372 667 432 curabis.
713 373 839 448 septimo
864 393 979 449 quoque
1001 375 1047 432 die
1069 373 1123 429 711

57 463 221 522 1111111110
250 481 348 537 panno
375 461 509 520 inlinibis
539 465 569 521 et
586 462 626 520 -ei
655 461 720 520 loco
751 461 848 520 addes.
894 481 960 520 curn
983 463 1049 521 dili-

57 553 149 626 genter
170 551 278 610 vulnus
300 550 457 626 limpidum
480 553 510 608 et
533 551 656 626 aequale
679 550 803 625 videriS,
831 545 834 628 l
862 553 974 608 cretam
996 550 1168 609 im-1451a

39 657 141 712 spones.
188 639 320 714 curabis,
349 642 386 698 ut
414 639 490 698 cutis
520 640 675 698 cohaerere
705 639 806 714 possit.
856 657 924 698 cum
952 641 1049 698 cutem

55 727 171 787 haesisse
198 728 320 806 videris,
350 728 466 786 curabis
494 728 677 787 reticulatim
699 728 819 786 dorsum
840 746 933 785 urere.
981 730 1049 785 usta

56 817 168 892 curabis,
192 818 269 875 sicut
290 813 313 874 1.
332 813 355 875 ἑ.
380 819 432 876 est.
474 835 548 875 senc
569 817 694 876 vulnera
716 816 842 875 ustionis
866 819 969 874 curata
987 835 1049 874 ma-

55 903 143 982 lagma
167 906 299 965 caustica
320 906 353 963 in
375 905 462 964 dorso
485 923 593 981 ponere
618 907 743 980 oportet.
790 923 894 963 sanum
916 904 976 963 fiet.

108 995 260 1053 LXXXIX
283 993 315 1052 Si
339 995 418 1069 quod
439 994 604 1052 iumentum
634 994 750 1070 spinam
777 993 912 1070 fregerit,
940 993 982 1051 sic
1005 993 1049 1050 in·
1070 993 1124 1049 711

28 1082 163 1160 ntelligis.
209 1083 283 1141 haec
311 1083 389 1143 ratio
418 1082 540 1142 habebit
565 1082 684 1158 quidem
712 1102 853 1156 errorem,
880 1100 934 1140 nec
961 1080 1048 1139 facile

54 1170 225 1249 intelligitur
247 1172 319 1230 haec
342 1172 465 1231 curatio.
502 1171 543 1230 sic
566 1174 752 1230 tamencum
770 1171 921 1248 intelligis.
958 1170 1049 1228 incer-

54 1261 92 1317 tus
109 1260 245 1319 ambulat
262 1279 316 1319 nec
334 1261 450 1336 spinam
467 1260 588 1318 reddere
606 1261 706 1334 potest
723 1278 777 1318 nec
795 1277 900 1335 corpus
918 1260 1049 1336 recipiet.

55 1348 183 1408 similiter
206 1348 357 1408 ambulare
380 1349 539 1426 intelliges,
563 1349 587 1407 si
611 1367 670 1424 qua
692 1348 807 1407 lumbos
830 1349 960 1408 vulserit.
1001 1368 1049 1407 cu·

53 1438 190 1496 rationem
213 1457 273 1496 non
295 1438 382 1496 facile
404 1437 536 1513 recipiet,
559 1437 617 1496 nisi
640 1436 829 1496 contunderit
847 1440 900 1495 aut
917 1437 1048 1496 vulserit

25 1545 43 1582 15
53 1524 87 1583 sic
117 1526 249 1597 curabis,
281 1527 355 1586 sicut
384 1546 488 1584 renum
520 1528 550 1584 et
580 1525 749 1584 lumborum
778 1525 921 1603 dolorem,
950 1546 1048 1600 quem-

54 1613 203 1673 admodum
225 1615 304 1674 infra
328 1615 470 1690 scriptum
494 1617 545 1673 est.
591 1633 696 1672 sanum
718 1613 777 1671 fiet.

108 1703 160 1763 XO
182 1705 228 1761 De
251 1703 369 1762 renibus
393 1706 423 1761 et
451 1701 664 1778 posterioribus
686 1701 830 1778 partibus.
877 1703 901 1759 si
929 1703 977 1760 cui
1004 1702 1048 1760 iu·
1069 1703 1124 1760 713

53 1795 143 1850 mento
181 1810 267 1851 rencs
299 1792 458 1850 ceciderint
494 1794 547 1850 eut
582 1791 677 1849 lumbi
708 1791 920 1849 condoluerint.
975 1790 1050 1849 fiunt

53 1883 143 1938 autem
171 1881 245 1939 haec
269 1899 374 1940 causae
398 1883 452 1939 out
475 1880 507 1938 in
530 1881 704 1939 conamento
732 1882 785 1938 aut
807 1897 825 1937 a
847 1879 913 1938 viae
937 1878 1049 1938 ductio-

24 1986 120 2044 nnem,
143 1969 245 2044 aliquo
271 1970 350 2028 saltu
372 1972 425 2028 aut
448 1969 473 2028 si
495 1969 594 2046 plagis
613 1968 712 2027 nimiis
730 1967 823 2026 lumbi
847 1969 1050 2027 contusionem

52 2059 123 2130 passi
142 2059 262 2116 fuerint.
303 2058 470 2135 intelligere
490 2057 586 2133 debes,
606 2057 683 2114 unde
701 2057 814 2115 factum
833 2056 880 2115 sit.
922 2057 1049 2116 sirenes

52 2145 78 2202 in
95 2149 293 2221 ccesserunt,
312 2148 438 2204 maxime
458 2145 612 2205 ambulans
632 2145 740 2204 sentiet
757 2144 897 2223 dolorem,
916 2148 947 2204 et
959 2147 1049 2204 febris

52 2233 125 2294 lenta
149 2235 214 2293 erit.
245 2237 377 2294 tractatu
398 2236 455 2292 hee
472 2253 572 2293 omnes
595 2252 701 2293 causae
724 2235 917 2294 comumaciter
939 2234 1050 2293 intelli-

53 2327 163 2398 guntur.
189 2342 263 2399 quas
276 2323 311 2382 de
325 2323 423 2400 plagis
436 2322 567 2396 habebit,
576 2321 703 2381 mexime
717 2323 749 2381 in
763 2323 842 2382 corio
858 2341 971 2382 summo
985 2342 1049 2381 sen-

23 2427 41 2468 11
53 2411 128 2470 tient.
157 2413 209 2470 sed
223 2431 350 2487 quorum
362 2412 457 2470 lumbi
470 2411 678 2488 convulserint,
697 2412 909 2486 posterioribus
928 2411 1049 2469 summis

53 2501 210 2560 ambulabit
233 2504 263 2559 et
286 2501 385 2576 capita
407 2501 587 2577 ungularum
607 2499 681 2558 trita
703 2500 825 2558 habebit
847 2502 878 2559 et
900 2499 1049 2558 cersonius

53 2589 181 2648 ambulet
212 2591 243 2647 ct
273 2607 416 2664 cruraque
452 2589 608 2647 tumebunt
646 2591 676 2646 et
707 2589 831 2662 testicli‚
868 2589 899 2646 et
931 2587 1048 2662 quando

51 2695 128 2735 renes
159 2677 288 2737 validius
319 2679 443 2738 vulsisse
475 2676 604 2752 videtur,
637 2676 674 2734 ab
705 2678 792 2735 urina
823 2675 890 2751 plus
918 2676 1048 2753 intelligi

51 2768 151 2838 potest.
206 2767 248 2825 sic
282 2766 425 2836 curabis..
460 2766 634 2842 sanguinem
671 2784 688 2823 a
724 2765 884 2824 visceribus
925 2767 977 2822 aut
1013 2764 1048 2822 (le
1069 2763 1124 2819 714

22 2854 141 2912 scande
177 2855 295 2913 mittere
335 2855 459 2914 curabis.
513 2855 612 2930 ipsum
649 2854 822 2930 sanguinem
858 2853 984 2928 excipies
1021 2855 1051 2911 et

52 2943 178 3001 unctioni
211 2945 379 3002 commisces
412 2945 443 3001 et
464 2943 598 3002 vervenis
630 2942 744 3001 fovebis
772 2945 802 3000 et
828 2941 860 2999 in
882 2941 1050 3000 machinam

53 3032 176 3090 statuere
190 3031 314 3091 curabis.
347 3033 403 3090 hac
420 3031 559 3091 unctione
578 3031 684 3090 uteris:
707 3031 828 3106 solisne,
847 3030 947 3104 nitrio,
965 3030 1050 3105 secla,

120 3206 133 3253 7
152 3220 164 3254 s
183 3203 298 3256 alteram
311 3202 410 3255 addidi
425 3204 429 3271 Ι
446 3217 524 3255 sane:
539 3200 755 3270 quodtcetch
770 3199 945 3268 (7111111111
961 3204 992 3251 11
1008 3198 1049 3251 in-

52 3273 136 3324 sertus
149 3275 158 3342 ll
173 3279 204 3326 13
219 3272 346 3326 mulserit
359 3275 368 3341 ΙΙ
383 3277 416 3325 15
431 3272 455 3326 si
474 3272 531 3327 cui:
550 3288 618 3325 corr.
633 3271 661 3324 Β
674 3272 684 3339 ss
699 3276 730 3323 17
745 3271 779 3336 cf.
798 3286 884 3338 sopra
897 3275 968 3335 466;
987 3270 1048 3340 ch.
1108 3315 1117 3333 ,

56 3341 112 3408 Vr,
124 3346 163 3414 211
178 3350 209 3398 19
228 3346 260 3396 ut
276 3347 280 3412 Ι
296 3360 333 3412 sq.
353 3342 484 3397 ductione
498 3342 568 3396 mali
581 3358 636 3410 quo
650 3343 659 3410 ΙΙ
673 3346 707 3394 20
725 3339 808 3394 nimis
822 3343 831 3410 [Ι
846 3346 879 3393 23
893 3340 1047 3412 tractatus}

52 3415 227 3469 communiter
246 3416 287 3470 B:
314 3411 377 3468 co‘rt’
397 3415 506 3483 1111124
526 3415 680 3482 (1111111126
702 3411 859 3466 ambulavit
875 3412 878 3484 l
896 3411 1045 3466 cersonius:

52 3484 174 3538 cernulus
192 3487 220 3540 B
233 3488 243 3556 ΙΙ
257 3491 290 3538 27
310 3500 382 3553 qnae
398 3487 402 3554 Ι
418 3484 536 3538 testiclis
551 3486 607 3553 {132
626 3483 738 3538 notione
