2512 3906
214 165 496 222 MULOMEDICINA
515 165 684 221 camonis
705 170 843 220 137-139
991 165 1035 228 43

55 316 143 391 aliquid
169 336 203 374 ex
225 317 285 395 hia,
318 335 394 392 quae
421 311 425 396 Ι
450 315 579 376 mollitia
608 318 776 391 praestant,
812 318 848 374 ut
878 316 1037 394 diligenter
1062 318 1168 378 112'b

51 405 151 462 iaceant
197 408 228 463 et
250 424 348 483 genua
371 405 433 465 eius
457 406 602 464 calfacere
630 404 786 482 spongiola
810 405 857 464 vel
880 405 978 464 calida
1006 406 1036 463 et

49 497 101 567 post
123 495 218 553 triduo
246 494 368 553 herbam
395 513 456 553 non
482 495 609 552 multam
636 494 719 571 dare,
750 493 841 551 etiam
868 495 1036 552 ordiaceam

49 586 88 639 ant
110 583 254 642 triticeam
280 583 410 641 farinam
437 602 504 642 cum
532 602 610 658 aqua
640 583 748 657 mixta,
781 584 872 657 caput
899 583 1037 641 similiter

20 673 228 747 aquatepida
256 690 409 747 vaporare.
456 672 517 730 alia
547 672 593 729 die
625 689 703 746 aqua
733 670 831 729 calida
859 671 976 746 lavato,
1005 675 1036 730 et

48 777 100 818 cum
119 761 297 836 defricueris‚
325 761 466 820 descende
486 762 516 818 et
534 762 687 835 copertum
706 759 822 817 dimitte
841 759 922 818 horis
940 759 1036 817 tribus
1076 821 1079 828 ,
1160 823 1163 828 .

47 851 87 906 ant
106 851 160 925 4⁰¹,
192 850 297 908 deinde
328 849 442 908 abicere
475 868 542 908 cum
574 849 778 924 operimentiS,
811 848 852 906 sic
879 848 910 906 in
938 847 1036 907 locum

46 938 180 1012 aequalem
207 940 313 1015 postea
341 939 503 1014 producere
538 938 576 996 ad
608 937 857 996 deambulandum
887 938 917 994 et
946 935 1035 994 sinire

45 1044 151 1098 pascere.

20 1123 37 1166 1⁰
96 1132 238 1176 sonorus.
289 1134 308 1174 a
334 1116 519 1191 plenitudine
551 1114 609 1174 cibi
640 1114 882 1173 febricitantium.
933 1113 958 1172 si
982 1131 1033 1170 au·
1053 1114 1110 1171 137

45 1208 91 1260 tem
115 1223 132 1261 a
158 1204 343 1279 plenitudine
371 1205 429 1263 cibi
460 1204 683 1279 febricitaverit,
716 1203 758 1262 sic
790 1202 954 1277 apparebit.
1000 1201 1036 1259 fit

45 1292 107 1349 enim
122 1293 238 1369 spiritri
257 1293 362 1352 ductus
380 1293 582 1370 gravissimus,
605 1311 692 1351 nares
713 1292 809 1366 aperti
828 1291 924 1366 divisi,
947 1291 1034 1348 ruina

43 1378 152 1439 latemm
184 1401 203 1440 a
237 1382 377 1441 cadendo.
433 1401 536 1441 curare
571 1383 672 1439 autem
706 1380 844 1438 debemus
879 1379 1034 1438 emissione

43 1471 176 1546 sanguinis
203 1473 234 1528 et
261 1470 446 1530 siticulosum
474 1471 571 1529 facere
599 1473 704 1545 potum
726 1489 786 1526 non
809 1468 957 1527 afferendo
980 1487 1034 1527 nec

20 1559 237 1635 opermodimm,
274 1562 305 1618 et
336 1578 395 1619 non
428 1559 601 1618 continuum
634 1559 684 1616 sed
715 1557 863 1632 paulatim
895 1557 976 1616 ordei
1004 1559 1035 1615 et

43 1646 119 1704 bilici
140 1650 171 1705 et
192 1648 321 1708 aliorum
343 1666 569 1723 consparsorum
592 1666 645 1722 per
667 1649 772 1722 potum
795 1646 873 1703 dare.

94 1753 239 1796 sonorus,
275 1736 510 1795 febricitantium
532 1756 586 1812 per
609 1736 753 1810 epiforam
777 1735 909 1809 aliquam
926 1734 959 1791 in
980 1751 1032 1808 pa·
1052 1735 1109 1791 138

43 1820 90 1881 lato
111 1826 156 1883 vel
182 1825 326 1884 faucibus.
373 1825 397 1883 si
430 1827 530 1883 autem
562 1823 776 1883 febricitaverit
808 1842 861 1898 per
889 1822 1034 1897 epiforam

45 1911 158 1987 aliquam
179 1915 212 1972 in
234 1914 338 1990 palato
361 1914 409 1974 vel
431 1913 570 1989 tussillis‚
600 1913 722 1971 habebit
748 1912 834 1988 signa
862 1910 1033 1969 clarissima.

19 2000 162 2061 ”similiter
187 2003 280 2061 etiam
309 2005 339 2061 et
366 2002 417 2078 qui
444 2022 498 2077 per
524 2003 657 2060 laborem
683 2000 905 2059 febricitaverit.
952 1999 1034 2059 adiu·

43 2089 111 2148 toriis
137 2094 257 2150 utemur
286 2092 532 2150 concalfacientes
556 2093 586 2148 et
613 2090 795 2165 coperiantes
827 2088 1035 2147 defricabimus

43 2175 166 2239 interiora
185 2200 221 2239 ex
243 2180 331 2238 melle
355 2183 386 2238 et
408 2180 469 2238 sale
497 2199 561 2238 cum
587 2179 710 2256 origano
738 2178 818 2236 tritis
846 2177 939 2236 mixto
968 2177 1033 2236 oleo

44 2268 148 2345 modico,
169 2270 310 2328 inducere
328 2269 420 2327 etiam
442 2269 474 2326 in
497 2287 576 2344 aqua
593 2286 686 2343 usque
706 2267 745 2324 ad
763 2284 868 2343 genua,
891 2284 924 2324 os
943 2266 1034 2324 etiam

45 2351 168 2417 deficare
194 2358 288 2416 herba
318 2357 435 2416 brionia
467 2360 521 2416 aut
550 2360 631 2415 terra
658 2375 676 2414 a
707 2355 856 2414 fictiliario
889 2357 942 2413 aut
973 2356 1033 2413 tor-

19 2444 168 2504 ²⁵refactum
205 2447 328 2505 ordeum
359 2446 438 2504 dato.
489 2451 542 2504 ant
576 2445 751 2520 simpliciter
782 2463 842 2502 non
878 2444 963 2518 dare,
994 2463 1031 2501 ne
1051 2443 1109 2498 139

45 2535 192 2605 asperitudo
241 2536 372 2593 finctum
414 2535 520 2593 incitet
561 2535 699 2611 gingibas
740 2535 794 2590 aut
832 2532 944 2590 febrem
981 2533 1035 2589 aut

46 2618 92 2677 alia
110 2643 160 2698 per
181 2642 289 2699 corpus
312 2623 466 2699 passionis.
514 2643 580 2682 cum
613 2625 713 2681 autem
742 2621 865 2680 biduum
895 2622 948 2678 aut
979 2619 1033 2677 tri-

45 2705 118 2768 duum
137 2712 303 2787 transierit,
333 2713 402 2770 dare
432 2710 555 2771 herbam
584 2713 638 2770 aut
666 2711 756 2769 molle
786 2729 908 2787 gramen
937 2708 1033 2766 lotum

46 2812 129 2874 nempe
156 2802 269 2876 ieiuno,
297 2821 333 2858 ne
364 2800 510 2859 deficiant.
556 2801 626 2858 dare
655 2800 746 2858 etiam
767 2798 868 2857 bibere
891 2796 1033 2873 pusillum

19 2887 93 2942 ⁸⁰uon
111 2890 278 2948 continuum
302 2891 333 2947 et
349 2889 597 2948 intermittentem
614 2889 774 2964 producere
792 2889 877 2946 caute
897 2888 928 2944 et
949 2885 1033 2943 bolu-

47 2972 153 3036 tationes
166 2981 197 3037 et
213 2978 332 3036 urinam
349 2997 518 3053 provocare.
556 2997 623 3037 cum
642 2979 742 3035 autem
762 2975 868 3034 melius
886 2973 1032 3049 habuerit,
1095 2993 1096 2996 ¹

48 3059 102 3120 dare
122 3067 237 3125 ordeum
261 3085 413 3142 aspersum
436 3066 633 3125 adiectionem
660 3064 831 3125 cottidianis
859 3062 961 3120 diebus
988 3063 1032 3120 fa-

49 3148 149 3229 cientes
179 3158 208 3213 et
237 3155 294 3214 cibi
320 3155 464 3214 similiter.
511 3156 562 3213 sed
589 3155 760 3212 emissiones
790 3151 943 3228 sanguinis
972 3170 1033 3210 non

49 3241 103 3297 sunt
127 3243 287 3320 faciendae,
319 3265 355 3303 ne
386 3244 488 3320 aliqua
517 3263 548 3302 re
576 3243 655 3303 vires
682 3240 820 3300 animalis
851 3240 1032 3300 minuantur.

48 3361 236 3382 x*—

106 3449 257 3504 baecende?
270 3451 332 3574 iffi
342 3464 451 3530 currere
465 3449 474 3517 ss
489 3453 522 3500 19
532 3445 650 3500 tussillis
661 3471 694 3490 =
703 3443 825 3526 tonsillis
839 3447 848 3515 Η
862 3449 896 3498 25
916 3446 1011 3499 autem
1024 3445 1033 3518 l

48 3515 75 3563 30
90 3517 227 3582 perducere
247 3524 251 3591 Ι
292 3520 463 3574 olutatrones
478 3543 512 3564 =
526 3516 622 3588 βόλιτα
640 3521 650 3584 ΙΙ
669 3523 702 3570 33
723 3533 779 3570 c1vr
