2474 3910
194 151 258 215 228
381 149 662 205 MULOMEDICINA
680 148 849 205 CHIRONIS
868 154 1009 204 ree-uer

193 301 358 358 iumentum
381 303 412 358 et
434 319 502 359 eum
524 303 673 360 veretrum
695 319 787 376 prope
814 300 981 360 folliculum
1007 299 1063 358 lino
1083 297 1172 374 ligabis

194 388 307 466 valido,
335 388 440 448 deinde
468 390 648 448 ferramento
671 389 822 464 praecides
850 393 880 448 et
906 389 1038 448 cauterio
1058 386 1173 447 candenti

194 477 394 554 praecisorum
417 477 530 537 adures.
575 477 641 536 ideo
670 480 770 536 autem
797 477 858 537 linc
887 481 1054 537 antecessus
1079 476 1174 553 alligas,

195 586 232 625 ne
259 566 408 643 praecisus
438 567 520 625 intus
548 567 680 644 refugiat
716 570 746 626 et
780 586 872 627 venae
907 567 1059 645 sanguinis
1085 565 1173 624 fluxum

129 725 133 732 ⁸
195 655 384 736 praecludere
414 674 474 714 non
503 656 606 730 possis.
652 655 694 714 sic
725 657 825 715 tamen
853 655 1037 730 observabis,
1066 673 1100 712 ne
1125 671 1202 711 eune

194 745 341 819 foramen,
374 763 433 819 qua
461 745 548 802 urina
587 762 723 803 emanare
760 745 925 819 consuevit,
963 745 1078 802 aduras.
1124 744 1177 818 post

194 833 342 892 ustionem
361 833 491 910 axungia
507 833 557 892 vel
574 833 673 892 butiro
692 833 791 893 locum
808 833 991 909 purificabis.
1020 851 1119 892 sanum
1131 830 1177 888 fiet

122 921 178 978 182
264 919 315 980 CV
337 922 381 980 De
405 921 564 980 suffusione
587 924 618 980 et
640 922 843 983 eretbiatione.
889 922 961 998 quid
984 924 1030 981 est
1048 918 1178 980 ceneto
1224 983 1225 986 1

195 1010 244 1070 vel
266 1007 408 1069 suffusio?
439 1011 594 1085 repentina
624 985 774 1086 obnuptio
805 1011 957 1088 sanguinis
987 1010 1110 1087 pedibus
1128 1027 1179 1068 eou-

196 1099 277 1173 fusa,
309 1117 384 1175 quae
416 1098 452 1156 fit
483 1119 519 1157 ex
550 1099 665 1174 epifora
687 1099 780 1157 nimia
810 1100 956 1175 corporis,
989 1120 1025 1158 ex
1057 1098 1225 1179 cruditates

195 1188 361 1263 praesentis
384 1187 442 1246 cibi
464 1188 513 1246 vel
537 1208 571 1245 ex
593 1188 709 1247 itineris
733 1188 962 1248 concellaotione
986 1191 1017 1247 et
1039 1184 1180 1264 praesentis

140 1287 142 1290 ’
196 1278 308 1352 potum.
346 1276 401 1334 hac
419 1276 535 1335 ratione
557 1276 788 1352 intemperentia
805 1277 937 1353 corporis
954 1297 1009 1353 per
1027 1276 1181 1336 cruditatem

75 1367 173 1426 145ra
195 1365 306 1424 fervori
328 1382 381 1423 suo
405 1365 569 1440 ampliatur
592 1365 630 1423 ad
657 1366 803 1441 impetum
823 1361 827 1445 1
848 1366 1001 1443 sanguinis
1028 1385 1083 1442 per
1107 1365 1181 1439 liquo

196 1473 266 1511 rem.
311 1452 388 1512 unde
420 1453 584 1513 tenduntur
614 1473 721 1529 venae,
754 1472 829 1530 quae
861 1457 931 1513 sunt
960 1455 993 1513 in
1024 1451 1181 1530 praecordiis

196 1541 311 1618 positae
331 1539 386 1618 [et]
405 1542 498 1602 totius
517 1542 648 1618 corporis
671 1543 817 1622 matrices,
841 1561 859 1601 a
882 1543 968 1602 corde
995 1542 1205 1602 descendentes

196 1631 228 1690 in
251 1630 383 1707 pedibus,
406 1649 424 1689 a
448 1650 506 1706 quo
529 1632 594 1690 loco
617 1635 800 1691 commeatur
817 1632 937 1709 sanguis
954 1651 1009 1708 per
1027 1634 1121 1691 totum
1135 1647 1182 1688 ocr-

124 1719 179 1776 788
198 1737 261 1797 pus.
307 1719 406 1778 ardori
428 1719 521 1778 nimio
544 1721 640 1779 cordis
667 1740 703 1779 er
729 1719 817 1780 rebus
841 1738 862 1779 s.
882 1738 903 1779 s.
926 1721 1027 1796 liquor
1054 1717 1183 1798 sauguinis

196 1809 228 1867 in
251 1809 396 1884 impetum
418 1809 549 1884 corporis
571 1811 751 1884 perpetum
773 1809 884 1886 frigida
906 1827 1063 1885 percussus
1079 1809 1125 1869 vel
1140 1823 1182 1881 quo

197 1899 343 1956 alienatus
367 1897 497 1955 decurrit
517 1897 549 1955 in
571 1898 725 1957 inferiores
747 1899 848 1974 partes
870 1899 987 1973 pedum.
1024 1898 1143 1957 maxime
1161 1895 1183 1950 in

198 1986 346 2061 prioribus
365 1986 478 2044 alienat
494 1987 547 2046 bas
565 1989 665 2061 partes
683 1987 871 2064 ungularum,
894 2005 970 2061 quae
994 1990 1065 2046 sunt
1086 2006 1134 2063 per
1152 1997 1207 2041 sea

198 2074 385 2150 parationem
408 2075 538 2150 corporis
561 2076 745 2134 coniunctae.
790 2075 833 2134 ibi
855 2093 948 2135 venae
971 2094 1074 2135 omnes
1098 2076 1127 2133 in
1145 2091 1183 2130 un·

199 2162 285 2240 gulas
308 2161 516 2222 descendentes
541 2163 690 2224 finitiones
712 2163 831 2222 habent
877 2184 913 2222 ex
940 2183 999 2239 qua
1023 2163 1183 2224 derivatione

199 2269 341 2309 venerum
368 2252 499 2326 corporis
526 2253 678 2330 sanguinis
703 2253 834 2330 ungulae
862 2252 1008 2312 alienatae
1036 2253 1184 2318 tendente,

199 2339 283 2398 nervi
310 2339 342 2397 in
368 2339 492 2414 pedibus
515 2343 696 2417 stupescunt,
719 2341 844 2400 musculi
866 2340 998 2402 febribus
1018 2342 1185 2418 spasmantui

11 2399 12 2456 l
103 2429 105 2434 ’
201 2430 231 2488 et
252 2427 288 2486 fit
314 2428 482 2488 immobilis.
528 2449 616 2504 quem
644 2431 669 2490 si
695 2430 727 2487 in
755 2429 880 2489 eundem
911 2431 1058 2506 impetum
1087 2431 1141 2489 iam
1162 2425 1208 2482 iiii

199 2517 306 2577 itinere
346 2534 435 2594 cogas
476 2518 646 2594 ambulare,
683 2519 778 2577 omnis
820 2519 987 2578 coniunctio
1029 2519 1184 2598 ungulum

126 2606 182 2664 734
201 2608 340 2682 separata
362 2606 479 2666 decedit
502 2608 532 2665 et
555 2607 722 2684 exealiglat.
767 2607 814 2666 cui
842 2608 867 2666 si
894 2627 953 2667 non
980 2608 1114 2667 celeriter
1136 2622 1185 2664 san·

201 2695 267 2772 guis
290 2694 326 2754 de
349 2695 464 2754 coronis
487 2695 613 2770 laxatur,
636 2697 715 2755 inter
736 2696 881 2774 ungulam
904 2700 934 2755 et
951 2697 1066 2754 malum
1083 2693 1185 2755 blateiat

201 2783 348 2842 alienatus
372 2784 492 2860 sanguis
511 2786 542 2842 et
562 2785 636 2844 feeit
652 2803 713 2843 non
730 2785 875 2844 minorem
892 2785 1094 2862 podagricum.
1126 2779 1184 2842 unde

200 2874 405 2931 treverumtur
436 2872 565 2950 ungulae
596 2876 626 2932 et
654 2875 795 2933 crescunt.
846 2893 881 2932 ex
913 2893 971 2949 quo
1004 2875 1106 2934 ardore
1133 2879 1209 2930 con-³⁰

201 2960 324 3020 cludunt
351 2964 382 3019 et
408 2962 615 3038 constringunt
646 2963 748 3020 malos.
804 2982 839 3020 ex
871 2952 944 3038 quo¹
961 2964 1143 3039 punctionem
1164 2959 1184 3013 ei

273 3152 289 3200 3
308 3149 469 3202 antecessus
479 3175 513 3194 =
523 3148 553 3201 in
571 3149 748 3203 antecessum
760 3150 770 3218 11
784 3153 800 3202 8
815 3147 986 3204 tethiacione
1003 3151 1007 3220 1
1024 3139 1184 3210 ethithiaciol'

203 3224 236 3271 11
247 3218 460 3273 eonedfactione
474 3221 484 3288 11
499 3224 531 3273 13
546 3219 712 3289 ampliatam
725 3222 735 3289 11
750 3225 782 3273 15
796 3219 914 3290 positau
928 3225 960 3273 18
976 3212 1183 3288 quo=quoqu0l

202 3306 240 3357 aq.
260 3305 315 3356 quo
335 3289 486 3345 abenatus:
505 3291 678 3345 coadunatus
697 3291 725 3344 Β
747 3293 757 3360 11
778 3296 811 3344 20
830 3290 968 3346 alienatae
989 3293 998 3360 11
1021 3297 1054 3345 23
1073 3289 1166 3344 alienae
1178 3281 1185 3350 l

203 3365 236 3411 27
256 3361 274 3412 i.
288 3376 308 3414 e.
328 3358 500 3429 excaligulat
514 3387 547 3406 =
564 3361 707 3416 excalceat
736 3363 746 3430 11
778 3367 811 3415 28
835 3362 953 3416 malum:
985 3363 1130 3416 mellonem
1151 3351 1184 3423 (ci

203 3445 289 3496 supra
306 3433 386 3497 111)r
404 3432 507 3498 μαλλόν
526 3432 554 3485 Β
572 3432 679 3485 talum?
697 3434 707 3502 11
725 3438 759 3485 29
777 3432 913 3488 minorem
927 3459 961 3480 =
976 3433 1085 3487 minus?
1100 3430 1185 3484 minore

203 3513 277 3550 noxa
295 3498 392 3566 31131
411 3499 502 3553 talos?
520 3503 554 3568 cf.
574 3504 611 3556 od
630 3505 646 3557 l.
665 3506 704 3557 28
