2512 3906
146 129 190 192 30
355 127 637 184 MULOMEDICINA
656 127 825 186 CHIRONIS
845 133 948 183 88-91

147 279 252 338 calidis
274 279 377 354 uteris,
400 281 454 338 aut
471 279 657 355 cataplasma
675 297 711 338 ec
729 278 842 354 polline
857 279 997 339 ordeacec
1017 282 1048 338 et
1061 280 1159 339 resine

147 367 286 428 coronale
310 370 394 427 cocta
416 368 564 443 impones,
592 369 685 427 donec
707 368 803 427 resine
827 368 1032 428 collectionem
1054 369 1157 428 faciat

147 458 179 515 et
197 475 264 515 eum
281 457 468 533 maturuerit,
492 457 633 533 scalpello
653 459 762 532 secato,
784 459 820 515 ut
841 475 898 532 pas
917 459 1019 524 exeatv
1051 459 1157 517 curato

147 548 241 622 aceto,
265 546 326 604 sale
350 548 381 604 et
403 546 477 604 oleo.
519 545 681 605 lemniscon
707 545 842 605 subicito.
884 549 915 604 et
936 545 1059 621 reliquis
1082 565 1156 622 quo·

146 654 203 710 que
227 634 329 693 diebus
352 634 532 694 traumatico
556 638 587 693 et
608 635 832 694 medicamentis
856 635 934 710 aptis
958 637 1075 711 curato,
1104 636 1157 696 sed
1182 652 1195 694 1

146 723 273 782 sollicite
296 724 538 799 vulnusepateat.
579 724 656 783 solet
677 723 709 781 in
733 724 775 782 eis
794 723 867 783 locis
885 723 986 782 fistula
1004 724 1064 783 cito
1082 723 1156 784 fieri.

13 811 135 872 10¹a88
146 812 226 888 quod
249 812 274 870 si
295 811 397 871 fistula
419 813 501 871 facta
523 813 622 888 fuerit,
646 812 772 888 curabis,
794 815 829 871 ut
852 813 986 888 superius
1006 807 1010 891 l
1036 813 1156 872 demon-

145 901 248 976 stravi,
270 919 327 975 per
349 920 479 977 papyros
502 903 533 959 et
555 920 608 977 per
631 901 786 960 collirium.
829 901 854 959 si
877 904 979 960 tamen
1001 901 1155 978 parotidae
1246 959 1247 964 ,

143 989 192 1049 vel
224 992 353 1048 strumae
385 990 418 1047 in
449 990 617 1049 callositate
654 990 887 1066 permanserint,
920 991 1001 1049 urito
1036 990 1155 1066 punctis
1246 1017 1247 1024 ¹

144 1079 280 1138 canteris.
325 1081 394 1137 usta
417 1080 520 1137 curato
549 1081 579 1137 et
601 1080 753 1156 malagma
775 1079 931 1154 imponito,
955 1098 1030 1154 quae
1054 1081 1100 1137 est
1119 1099 1155 1137 ex
1168 1098 1196 1138 io

144 1168 224 1227 calce
248 1169 278 1226 et
305 1167 435 1244 axungia
466 1168 634 1243 conposita,
667 1185 757 1244 quam
788 1168 820 1226 in
852 1167 1023 1226 dinamidiis
1053 1167 1154 1226 habes.
1246 1185 1247 1188 ’

143 1275 249 1315 sanum
270 1256 330 1314 fiet.
376 1256 515 1315 similiter
536 1257 654 1316 curabis
682 1259 712 1315 et
738 1257 878 1333 scrophas
906 1275 995 1333 supra
1019 1257 1153 1333 scriptas.
1245 1269 1246 1272 ’

142 1345 216 1403 utile
241 1346 293 1404 est.

87 1435 126 1491 89
210 1432 281 1491 XIV
305 1433 505 1510 Quodcunque
528 1434 694 1492 iumentum
717 1434 875 1512 glandulas
893 1433 1039 1492 habuerit.
1077 1453 1153 1509 quae

58 1569 63 1581 .
142 1521 219 1580 fiunt
232 1522 264 1580 in
282 1523 410 1598 pullitia.
448 1543 484 1581 ex
498 1543 557 1599 qua
579 1543 611 1581 re
635 1523 732 1582 solent
753 1523 887 1581 iumenta
910 1526 941 1581 et
962 1523 994 1581 in
1016 1522 1153 1581 morbum
1166 1539 1194 1580 15

142 1611 280 1670 incidere.
311 1614 474 1670 nascuntur
490 1613 563 1671 haee
580 1612 661 1670 inter
673 1612 811 1670 maxillas
831 1614 863 1670 et
880 1612 989 1670 fauces.
1021 1611 1153 1670 diossum

142 1719 244 1760 versus
266 1701 302 1758 fit
328 1703 429 1760 tumor
455 1701 592 1760 carnibus
620 1719 787 1760 excrescens
817 1701 880 1759 sine
908 1701 1017 1760 dolore.
1064 1720 1153 1776 quem

141 1791 288 1848 tumorem
310 1790 467 1865 palpatum
489 1790 640 1868 intelliges
672 1809 791 1849 carnem
820 1789 901 1848 intus
929 1807 1000 1848 esse.
1054 1789 1152 1848 solent
1246 1845 1247 1848 ,

143 1877 262 1953 quidem
292 1879 366 1937 haec
397 1873 506 1958 'pintus
539 1879 672 1937 minuere
704 1879 808 1955 perire.
855 1878 935 1955 quod
967 1878 992 1936 si
1025 1878 1152 1954 coeperit

85 1968 124 2024 90
142 1967 187 2024 ita
209 1985 350 2044 crescere,
379 1970 415 2026 ut
441 1968 537 2044 possit
564 1986 682 2042 nocere,
714 1968 755 2026 sic
783 1969 895 2027 curato.
941 1967 1082 2042 deponito
1105 1967 1150 2025 iu·
1164 1983 1192 2024 ao

141 2057 275 2113 mentum
298 2057 329 2114 et
351 2056 491 2132 scalpello
515 2057 564 2116 vel
586 2057 699 2133 sagitta
724 2057 805 2115 intra
827 2056 958 2114 medium
981 2055 1097 2132 aperito
1120 2057 1152 2114 et

143 2146 309 2203 excastrato
334 2163 383 2203 eas
407 2145 569 2222 subtiliter;
597 2145 718 2204 eximito
741 2145 800 2219 ita,
828 2165 864 2203 ne
886 2163 995 2205 venam
1018 2144 1152 2220 aliquam

140 2235 256 2310 tangas.
315 2252 382 2292 cum
414 2234 555 2293 exemeris
591 2233 764 2312 glandulae,
801 2236 904 2292 curato
943 2251 1078 2310 causam,
1115 2235 1151 2292 ut

140 2321 274 2397 superius
298 2323 512 2398 demonstravi,
544 2325 628 2382 aceto
657 2325 688 2380 et
710 2323 775 2381 oleo
800 2325 831 2381 et
852 2321 1088 2396 medicamentis,
1119 2324 1152 2380 et

140 2428 245 2468 sanum
267 2410 326 2469 fiet
372 2412 425 2469 alii
448 2431 518 2471 vero
546 2411 685 2470 dixerunt
712 2410 816 2470 debere
843 2429 892 2470 eas
920 2411 1079 2488 glandulas
1101 2412 1150 2469 uri
1164 2426 1188 2466 15
1244 2385 1245 2413 ¹

139 2501 283 2574 oportere.
326 2500 389 2582 sed¹
403 2501 428 2559 si
452 2500 579 2576 pusillae
598 2500 718 2575 fuerint,
740 2500 797 2558 hac
819 2502 939 2558 curatae
959 2518 1048 2559 sanae
1066 2498 1148 2558 fient
1243 2531 1244 2546 ι

81 2588 119 2643 al
204 2588 260 2646 XV
291 2588 426 2647 Pullaria
461 2589 594 2648 nascitur
629 2589 720 2665 pullis
757 2589 788 2646 in
820 2589 917 2664 prima
953 2588 1149 2648 calefactione

139 2675 302 2752 dentionis,
335 2678 415 2752 quod
444 2680 606 2736 nascuntur
638 2678 718 2737 inter
748 2677 886 2736 maxillas
924 2677 1076 2752 similiter,
1113 2681 1150 2736 ut

139 2765 272 2841 superius
296 2765 365 2827 dixi.
412 2765 448 2824 fit
470 2768 570 2825 tumor
592 2786 627 2826 eo
657 2767 722 2826 loco
750 2766 872 2843 grandis
904 2768 935 2825 et
957 2769 1058 2826 tensus
1081 2785 1149 2826 cum
1242 2763 1243 2822 3

138 3063 153 3111 3
197 2993 226 3112 ll11
240 3004 274 3042 ex
290 2990 368 3113 {salpe
387 2991 417 3071 et
436 2990 440 3060 Ι
461 2989 622 3115 ordeaceus}
642 2987 835 3114 r'agsingcxmogzor.
859 2989 936 3114 Vetg.d
945 2991 954 3060 {l
977 2989 1120 3113 2efflnale
1142 2989 1146 3061 l

136 3077 243 3211 augias!
259 3062 478 3186 indiffidffe:
493 3063 669 3212 lazic'ldffllll
679 3078 715 3184 id
735 3061 922 3201 stropilialilall
937 3063 1006 3201 eigel).
1021 3077 1149 3203 1113}le

138 3205 171 3254 16
191 3200 301 3254 diosum
314 3204 324 3272 ΙΙ
338 3207 371 3256 19
390 3202 480 3256 initiis
498 3202 650 3256 minuendo
669 3202 707 3256 L:
727 3201 800 3256 inter
818 3201 901 3256 initia
916 3202 955 3272 (in
970 3201 1052 3256 initio
1066 3203 1147 3271 Par.)

135 3274 288 3339 pemnctae
315 3271 411 3343 picula
438 3276 467 3328 et
499 3273 560 3328 oleo
614 3273 740 3327 erfricari
774 3273 866 3328 solent
898 3272 1147 3343 vehementiusque
1240 3329 1241 3334 .

136 3342 265 3424 manibus
289 3344 428 3414 corrumpi
451 3347 480 3400 et
501 3345 544 3399 ita
566 3291 645 3399 reiut
666 3344 842 3399 vanescendo
864 3344 958 3398 sanari
983 3345 1066 3416 chl
1088 3343 1147 3400 sive
1240 3367 1241 3391 1

135 3416 209 3482 pent
229 3417 238 3484 ΙΙ
260 3419 293 3467 25
313 3414 426 3470 debere:
449 3417 561 3470 cautere
581 3415 608 3468 L
630 3417 640 3485 ΙΙ
663 3421 696 3469 26
715 3415 782 3470 hac=
801 3432 835 3470 sc.
854 3415 976 3483 ratione;
1002 3415 1146 3470 curatione

136 3491 186 3539 aut
205 3484 314 3557 (cura)
333 3487 447 3540 curatae
466 3487 493 3539 B
507 3488 516 3555 ΙΙ
530 3491 563 3540 27
587 3486 648 3556 ch.
670 3487 773 3542 11125
786 3489 795 3556 ΙΙ
810 3493 843 3541 28
862 3485 981 3542 dentitic
1005 3487 1068 3558 ch.
