2512 3906
436 189 648 244 PRAEFATIO.
982 190 1060 244 XVII

58 340 241 416 inscriptione
259 358 319 398 unu
338 340 496 414 procedere
514 342 661 415 poterent.
709 341 780 416 quid
803 341 883 417 quod
905 342 1060 417 nescimus,

58 447 89 486 an
112 431 232 504 praeter
260 447 309 487 eos
336 428 405 486 eliis
432 429 635 489 mulomedicis
663 428 783 490 Graecis
811 449 997 490 occurremus
1027 431 1059 489 in

56 509 326 598 Mulomedicine‘ll)

137 607 218 676 Quee
242 625 261 664 e
284 623 342 680 quo
366 606 529 682 composite
552 607 592 665 sit
613 607 865 684 interrogantibus
889 608 975 667 offert
997 622 1059 668 sese

57 692 141 768 §976
155 695 187 752 in
202 695 416 770 subscriptione
430 695 499 753 libri
514 695 630 770 decimi,
645 696 696 771 qui
708 698 754 754 est
762 695 895 770 ultimus,
905 691 1059 756 ‘Claudius

56 783 207 842 Hermeros
230 775 478 860 veterinarius.'²)
525 787 571 844 eet
594 785 714 860 quidem
736 785 907 859 ceteroquin
930 785 1060 862 ignotus,

56 872 101 929 sed
134 875 164 930 et
193 891 300 930 nomen
328 872 447 930 homine
477 890 554 931 anno
585 875 650 932 400
680 893 708 948 p.
734 871 801 932 (ihr.
830 873 950 932 vivente
978 873 1060 932 heud

56 961 204 1038 indignum
235 952 325 1041 est³)‚
360 962 390 1018 ct
418 961 530 1038 legitur
558 980 593 1020 eo
622 962 697 1036 loco,
727 980 785 1037 quo
815 961 1060 1022 Mulomedicinue

56 1049 160 1108 latinee
192 1052 343 1108 auctorem
375 1049 521 1125 eppelleri
548 1052 776 1109 consenteneum
804 1053 857 1110 est.
908 1051 960 1126 qui
988 1070 1060 1110 num

57 1198 484 1325 interciderent
499 1201 946 1342 1l¹²ltltl⁰ll⁸lnptlt⁰ltl
962 1207 1060 1330 nn

58 1341 175 1396 Chironis
203 1342 356 1396 sententIes
383 1289 540 1412 ll.g⁵epertd
566 1315 725 1412 impugnet,
752 1290 817 1412 polit
845 1359 908 1397 eum
935 1291 1060 1399 lioruieee

57 1413 214 1467 indicendus
238 1415 287 1467 est.
324 1413 409 1482 Hipp.
430 1419 496 1479 7,21
521 1414 662 1482 particule
684 1414 823 1482 quaedem
847 1418 953 1484 septem
971 1415 1061 1469 linces

58 1485 194 1552 complexe
207 1485 343 1552 inscripto
361 1487 404 1538 cst
423 1485 553 1553 Εὐμήλου
571 1484 634 1552 ἤτοι
653 1483 800 1553 Χείρωνος,
819 1502 905 1554 quem
919 1487 961 1540 itu
975 1487 1061 1540 inter-

56 1556 153 1622 pretari
175 1556 251 1622 licet,
273 1558 306 1608 ut
323 1553 456 1610 Eumelus
473 1555 643 1624 perticulam
662 1572 696 1609 ex
715 1555 834 1611 Chitone
851 1556 991 1625 petiverit.
1028 1557 1060 1610 id

59 1627 126 1691 quod
144 1626 167 1680 si
185 1643 281 1680 verum
299 1628 350 1693 est,
370 1643 433 1680 cum
451 1626 584 1680 Eumelus
603 1627 715 1696 saepius
730 1627 766 1680 ub
780 1629 903 1696 Apsyrto
921 1628 1061 1694 laudetur,

58 1695 152 1750 Chiron
165 1697 287 1767 Apsynto
301 1697 446 1765 eliquanto
461 1698 604 1765 antiquior
621 1697 684 1752 fuit.
722 1700 752 1752 at
769 1698 874 1752 frustra
891 1699 1061 1768 perticulam

57 1767 130 1820 illem
153 1768 182 1821 in
207 1768 426 1822 Mulomedicina
450 1769 584 1836 quaesivi.
625 1771 756 1839 praetere
780 1770 810 1822 ln
836 1769 932 1823 codice
955 1769 1060 1823 Milleri

58 1856 82 1905 p.
102 1844 132 1891 lt
154 1838 200 1904 cg'
226 1842 312 1908 ceput
335 1839 501 1908 inscriptum
527 1841 570 1894 est
590 1837 751 1904 Ἀλεξίππου
775 1840 846 1908 πρὸς
870 1847 964 1896 πᾶσαν
989 1842 1061 1912 βῆχα

58 1911 222 1976 Xecpc'ccecec.
259 1910 366 1965 ibidem
384 1929 411 1980 p.
428 1915 479 1964 100
497 1911 563 1982 χηα’
583 1911 726 1965 Hierocles
749 1911 779 1965 in
802 1912 1005 1981 epigrammate
1026 1913 1062 1966 de

58 1981 255 2035 medicamento
278 1982 400 2050 quodem
424 1984 520 2036 contre
544 1983 681 2051 serpentis
703 2000 826 2036 morsum
849 1983 891 2036 eit
914 1978 935 2036 ὦ
955 1981 1062 2051 Χείρων

58 2051 131 2105 τοῦτό
149 2069 177 2106 σε
195 2061 254 2114 πῶς
273 2051 388 2118 dictem
411 2069 445 2106 ex
466 2055 586 2121 utroque
605 2053 667 2107 loco
690 2053 763 2107 nihil
782 2055 816 2107 de
835 2053 954 2108 Chirone
972 2054 1062 2108 Mulo-

58 2122 205 2176 medicinse
223 2123 363 2193 colligam.

123 2197 147 2262 1)
166 2193 206 2248 ef.
230 2193 304 2248 inste
323 2195 361 2248 ad
379 2200 393 2258 t
408 2199 460 2248 416
479 2195 726 2265 (Aguthotychus);
750 2201 801 2250 498
821 2195 986 2266 (Eumelus);
1010 2201 1062 2250 584

59 2261 245 2336 (Hieronymus
264 2265 409 2334 Libycus);
433 2270 484 2319 ‘162
508 2265 669 2336 (Eumelus).
707 2283 774 2320 sene
797 2269 942 2321 anctorum
967 2283 1062 2321 eorum

60 2335 153 2404 cupite,
176 2353 249 2405 quae
271 2337 302 2390 in
319 2335 504 2406 Hippietn'cis
528 2339 637 2391 servate
660 2340 733 2405 eunt,
756 2338 872 2392 nonita
891 2356 954 2394 cum
972 2338 1062 2392 Mulo-

60 2407 190 2461 medicina
216 2408 404 2474 consentione,
431 2410 464 2461 ut
491 2407 554 2476 ipse
580 2424 661 2462 verse
688 2425 748 2462 esse
776 2412 892 2464 consmt.
939 2412 1063 2464 ceterum

59 2475 209 2548 ubicunque
217 2478 436 2532 Mulomedicina
446 2481 475 2532 et
483 2478 662 2548 Hippietrice
672 2483 837 2550 congruunt,
846 2481 1062 2550 unnsApeyrtus

59 2547 155 2616 subest,
172 2550 203 2602 id
222 2550 298 2618 quod
317 2550 403 2604 semel
421 2565 529 2604 moneo.

123 2623 149 2689 2)
173 2621 322 2690 Perpernm
353 2621 474 2675 editores
499 2620 623 2690 catalogi
649 2621 824 2676 Monacensis
852 2621 1007 2676 ‘Hemerii'
1034 2624 1063 2676 ct

58 2687 215 2746 Thomasiue
227 2690 277 2745 ‘Ol
288 2691 471 2746 Hermerotis’
483 2691 620 2760 dlxerunt,
631 2691 665 2746 cf.
677 2709 761 2762 supra
769 2711 796 2762 p.
807 2692 859 2748 Vll
868 2709 931 2746 sun.
944 2699 967 2746 1.
986 2691 1063 2744 vide-

58 2757 119 2814 licet
142 2761 273 2816 Claudius
292 2763 439 2816 Hermeros
458 2762 486 2832 (i.
502 2779 525 2816 e.
542 2759 678 2832 Ἕρμερος
700 2764 745 2817 vel
760 2761 920 2833 Ἑρμέρως),
945 2762 1062 2816 libertus

58 2832 166 2896 quidem
184 2833 315 2900 Graecus,
334 2834 363 2888 in
382 2836 495 2902 gentem
514 2832 660 2888 Oleudiem
678 2837 807 2904 receptus
826 2837 876 2889 est.

123 2907 149 2972 3)
174 2905 280 2959 Ihmius
313 2905 349 2958 eb
381 2905 535 2958 edItoribus
568 2905 691 2974 catalogi
721 2905 896 2960 Monacensis
929 2903 1063 2972 deceptus

59 2971 98 3037 (cf.
122 2991 183 3028 eun.
204 2979 229 3044 1)
251 2976 365 3045 putavit
387 2975 427 3046 (in
450 2975 574 3029 editione
592 2975 738 3045 Pelagonii
766 2996 792 3045 p.
814 2981 855 3042 17,
866 2976 893 3043 4)
920 2976 1062 3028 auctorem

59 3041 284 3101 Mulomedicinse
307 3065 363 3101 non
386 3047 525 3101 diversum
548 3061 608 3100 esse
632 3063 648 3100 e
670 3047 870 3112 mulomedico,
894 3045 939 3099 eui
961 3061 1063 3099 nornen

59 3110 190 3170 Emeritus
207 3117 275 3184 fuit,
295 3133 378 3186 quem
396 3117 564 3187 Pelagonius
582 3119 679 3172 nonies
699 3117 795 3184 effert,
815 3135 878 3171 cum
896 3117 926 3169 in
944 3117 1064 3187 Hippio-

59 3185 131 3240 tricis
152 3187 263 3242 (treecie
286 3189 361 3243 idem
383 3188 428 3242 bie
447 3186 576 3257 Ἡμέριος
597 3189 763 3258 appelletur.
806 3192 836 3242 et
858 3205 914 3241 non
938 3188 1063 3255 dubium,

61 3256 122 3321 quin
140 3259 223 3312 etiem
242 3259 288 3314 hic
307 3259 401 3329 (Hipp.
416 3278 443 3328 p.
459 3265 546 3326 31,1e
561 3260 623 3313 coll.
638 3260 733 3328 Peleg.
749 3265 795 3324 ‘123
814 3259 898 3330 Hipp.
912 3277 940 3328 p.
956 3263 1063 3328 140,1),

58 3319 190 3394 Ἐμέριτος
211 3331 361 3400 legendum
385 3329 429 3385 sit.
472 3347 563 3398 nequo
586 3347 620 3384 ex
642 3330 789 3400 particulis
812 3331 929 3385 EmerIti
949 3347 965 3384 e
983 3330 1064 3384 Pela-

62 3398 139 3461 gonio
161 3402 275 3456 servatis
298 3400 474 3470 comprobari
497 3401 565 3456 licet
587 3401 706 3455 eundem
730 3401 897 3471 scriptorum
919 3401 949 3455 in
967 3401 1063 3455 codice

62 3464 212 3526 Monacensi
229 3473 389 3543 significari.
422 3473 526 3526 etenim
539 3471 619 3526 nulle
632 3471 725 3539 refert,
740 3473 816 3540 quod
828 3473 1063 3526 medicamentum

64 3540 196 3600 quoddam
213 3543 330 3598 Emeriti
353 3543 458 3614 (Pelsg.
478 3546 541 3612 495)
564 3542 638 3596 infre
658 3547 738 3608 §907
759 3544 817 3597 fere
834 3543 933 3608 refert,
952 3558 1015 3604 cum
1034 3539 1064 3592 in

865 3628 903 3682 b*
