2474 3910
204 179 484 234 MULOMEDIOINA
502 179 672 235 5115501515
691 185 831 235 sse-sse
964 181 1026 246 179

49 343 76 400 se,
93 331 117 386 55
137 330 212 404 quod
233 347 333 388 recens
356 331 455 406 fuerit,
478 331 654 408 sangninem
678 330 833 390 exercebit.
871 325 1027 409 †maditer
1055 383 1056 386 ,
1096 338 1098 342 ’

49 419 68 472 55
85 416 231 477 difficiliter
253 420 404 478 remittere
433 438 502 477 eum
532 419 658 478 debebis.
705 419 835 478 saturari
867 419 962 495 debet,
991 424 1027 479 ut

46 503 103 562 infra
121 507 328 566 extrahendum
347 511 391 567 est
409 508 484 583 cibo,
507 510 538 566 55
556 507 689 567 desinere
709 511 739 566 et
758 508 1025 569 exercitationibus.
1141 517 1148 564 ,j

47 593 119 652 thuris
137 598 165 654 et
183 596 265 672 opii.
281 642 287 654 .
303 643 323 674 .,
341 597 519 655 tantundem
536 597 710 672 heliotropi,
730 597 808 673 quod
827 615 881 655 nos
899 598 1026 656 intibum

29 687 164 757 lagrestem
172 704 320 760 vocamus,
334 685 395 744 ruti
408 685 586 744 tantundem
601 705 667 744 cum
678 685 741 745 cini
755 685 867 744 austeri
880 687 1025 746 mensuris

43 770 128 830 Atticis
148 773 210 832 ΠΠ
232 773 353 832 infunde
376 795 430 850 per
448 774 581 852 singulos
604 775 675 850 dies,
699 775 791 834 donee
814 793 921 833 sanum
943 774 1003 833 fiet.

91 861 179 919 XXIV
205 863 251 921 Dc
274 863 426 941 glandulis
450 883 526 939 quae
556 863 632 922 fiunt
660 864 692 922 in
718 864 840 940 pullitia
868 883 904 922 ex
926 863 1024 939 prima
1043 865 1100 920 555

43 945 161 1011 dentione.
202 951 345 1011 videntur
363 952 442 1010 enim
459 953 533 1012 haec
547 952 623 1012 vitia
641 955 712 1012 tunc
731 971 762 1012 se
786 952 948 1012 ostendere,
991 973 1025 1011 ex

42 1053 83 1108 quo
110 1040 252 1117 contingit
282 1041 315 1099 in
346 1041 437 1117 pullis
468 1041 573 1119 magis.
626 1060 702 1117 quac
733 1061 799 1101 cum
828 1042 942 1100 factum
971 1044 1024 1117 est,

24 1121 86 1182 lfien'
105 1128 175 1186 solet
198 1129 385 1204 articulariS,
408 1131 439 1189 55
460 1131 587 1188 recurrit
609 1130 729 1190 morbus
757 1131 789 1188 in
820 1131 917 1207 capite
941 1133 971 1189 et
993 1131 1025 1188 in

41 1213 88 1270 tota
108 1217 256 1294 spurcitia,
280 1221 312 1276 55
333 1219 375 1277 sic
397 1218 478 1278 vitae
501 1219 667 1295 periculum
689 1219 812 1278 faciunt.
1014 1217 1038 1270 Ἰ

86 1304 159 1362 XXV
173 1306 206 1365 si
226 1325 319 1382 equus
338 1310 392 1365 aut
409 1308 508 1366 mulus
523 1311 577 1366 aut
591 1308 652 1366 alia
670 1307 767 1367 bestia
785 1309 920 1367 veterina
939 1309 1023 1386 glan·
1042 1309 1099 1364 554

38 1388 102 1450 dulas
114 1394 251 1454 habuerit
265 1396 345 1454 inter
353 1396 500 1455 maxillas.
522 1397 570 1456 hie
587 1397 706 1456 morbus
720 1415 837 1456 necesse
856 1400 887 1456 55
904 1397 1024 1457 difficile
1097 1396 1099 1399 ’

37 1481 173 1542 sanabitur.
221 1485 262 1543 sic
285 1505 320 1542 ex
346 1485 403 1543 hoc
431 1503 535 1544 sanum
562 1485 621 1544 fiet.
671 1483 726 1562 [et]
753 1485 874 1545 eximito
898 1486 1024 1562 glandu-

23 1565 69 1625 aas
88 1573 113 1628 et
132 1573 212 1632 un'to
233 1592 300 1631 eum
318 1573 424 1650 locum,
446 1577 515 1633 usta
534 1577 636 1632 curato
660 1577 691 1632 et
713 1575 749 1633 de
769 1575 830 1632 sale
854 1575 1023 1652 perungito.

36 1653 76 1715 loc
87 1659 171 1721 facito
191 1661 273 1736 quod
288 1663 376 1721 VIII
391 1665 453 1722 55555
471 1681 602 1738 numere,
622 1664 729 1722 VIIII
744 1662 791 1720 die
810 1663 912 1722 lavato
931 1664 1022 1722 nitrio

37 1752 57 1801 et
70 1752 150 1808 aceto.
189 1749 216 1808 si
239 1750 364 1809 nitrium
385 1770 445 1810 non
468 1751 619 1827 habueriS,
642 1753 721 1811 loteo
746 1751 843 1811 calido
867 1752 968 1810 lavato
994 1755 1024 1809 ct

36 1833 94 1910 oleo,
123 1842 152 1896 et
178 1839 278 1897 farina
302 1857 416 1899 crvcam
443 1841 580 1916 inponite
607 1859 662 1916 per
688 1841 825 1914 biduum,
856 1840 946 1899 tertie
973 1835 1022 1898 die

34 1925 114 1983 555555
142 1931 264 1986 tantum
290 1931 387 2006 utere,
418 1949 453 1988 ex
475 1929 605 1987 farinam
629 1948 742 1988 crucam
764 1930 921 2004 imponito.
966 1930 1022 1988 hac
1097 1930 1101 1976 ἱ

22 2015 162 2074 lcuratione
186 2020 300 2092 curato,
322 2035 416 2092 usque
440 2017 512 2076 dum
535 2037 640 2076 sanum
663 2018 724 2077 fiat.

81 2104 172 2163 XXVI
211 2105 244 2164 si
279 2106 438 2183 glandulae
471 2106 598 2182 fuerint,
634 2107 675 2166 sic
704 2107 877 2184 intelliges(
919 2109 1021 2166 tumor
1039 2108 1097 2163 555

33 2188 74 2246 erit
93 2211 208 2252 sorsum
231 2195 270 2252 ad
291 2213 420 2254 summas
438 2195 547 2272 fauces,
570 2196 626 2254 hoc
650 2199 695 2256 555
716 2196 796 2254 inter
818 2196 965 2272 maxillas,
992 2199 1023 2256 55

32 2277 118 2340 alivae
140 2283 255 2342 multas
280 2283 389 2359 mittet,
412 2283 533 2342 naribus
557 2283 664 2343 stridet
687 2287 718 2343 55
741 2285 803 2345 sine
825 2304 928 2344 amore
955 2285 1020 2364 erit,

31 2368 56 2421 ut
78 2371 266 2446 suspiriosum
299 2374 395 2448 putes.
448 2372 490 2431 sic
519 2376 631 2431 curato.
684 2374 813 2432 farinam
847 2373 1021 2432 ordeaceam

19 2457 52 2510 155
77 2477 181 2534 aquam
220 2461 348 2520 mulsam
387 2464 418 2519 55
448 2462 578 2520 resinam
617 2463 801 2522 austolosam
840 2461 1019 2538 temperabis

31 2548 94 2604 55555
123 2552 152 2606 55
183 2567 264 2623 aqua
293 2568 402 2625 coques
431 2551 647 2626 cataplasmam
677 2555 707 2610 55
735 2571 829 2630 unges
859 2551 1020 2626 aximgiam

30 2634 174 2696 veterinam
205 2641 236 2696 et
264 2639 338 2697 bene
366 2639 484 2698 caldum
509 2639 633 2715 inpones
664 2658 768 2716 saepe,
803 2639 1019 2699 senecensem

30 2717 89 2782 foras
110 2729 206 2785 erunt.
245 2728 370 2786 vulnera
391 2729 571 2787 troamatico
590 2731 703 2787 curato.
740 2729 899 2788 civiacum
918 2745 1018 2803 super-

29 2805 164 2891 imponito,
189 2815 281 2875 donec
304 2835 410 2875 sanum
432 2816 492 2874 fiet.
869 2836 871 2840 ·
1096 2816 1098 2826 '

82 2967 162 3021 ised
184 2968 189 3034 5
214 2967 355 3022 excecavit
375 2969 379 3038 5
399 2967 529 3036 rariter?;
553 2985 616 3024 cum
635 2967 727 3022 aderit
744 2969 789 3037 (55.
810 2967 937 3037 sanguis)
956 2967 994 3020 M

28 3033 300 3109 κ555>5155555554
314 3038 453 3109 clyotropi
469 3040 473 3110 5
489 3038 520 3092 in
533 3041 632 3110 typum
645 3042 654 3109 55
669 3043 684 3092 5
699 3038 816 3094 cumini:
831 3055 900 3094 corr.
910 3055 996 3107 supra

29 3105 76 3171 les.
89 3125 174 3178 supra
184 3113 235 3176 893
249 3109 311 3180 ch.
321 3110 375 3163 ΙΠ
382 3113 419 3164 25
433 3113 442 3180 55
457 3115 490 3164 10
503 3111 617 3165 morbus
627 3117 690 3179 post
705 3109 862 3164 articularis
872 3111 955 3178 ponit
968 3111 996 3162 B

28 3177 154 3250 1115155.
171 3184 224 3247 56‚·
246 3181 474 3251 5515511124
495 3184 505 3251 55
528 3187 561 3235 14
581 3181 618 3236 si:
638 3183 681 3235 set
694 3181 722 3234 B
744 3183 753 3250 55
777 3186 810 3234 16
829 3181 905 3250 quod
918 3197 1013 3234 nume-

27 3249 134 3304 rumVlI
149 3250 209 3306 die:
224 3253 352 3322 'atppleva'
365 3269 399 3306 555
408 3253 469 3323 ch.
484 3255 494 3323 55
512 3257 545 3306 18
559 3269 671 3306 erveam
681 3252 710 3306 B
721 3269 755 3306 555
765 3251 822 3307 Pel.
836 3251 968 3322 (farinam
982 3251 1017 3305 de

27 3321 306 3394 saepememorati
321 3327 352 3376 19
368 3322 477 3379 unium:
497 3340 565 3379 corr.
577 3324 669 3393 Peleo.
686 3329 710 3378 55
721 3322 783 3394 ch.
801 3324 805 3393 5
821 3326 850 3376 55
864 3338 993 3377 aerucam

27 3389 52 3439 22
64 3407 169 3446 sursum
183 3395 294 3462 scripsi:
307 3393 413 3447 salsum
425 3396 435 3463 55
449 3399 483 3448 23
493 3397 613 3458 tumore:
628 3410 695 3450 5555.
704 3395 742 3462 Β,
755 3395 789 3462 cf.
799 3411 887 3463 sopra
894 3397 999 3464 p.53,3

26 3461 52 3509 24
67 3462 156 3535 Pelcp.
178 3469 212 3518 61
230 3466 240 3534 55
259 3470 292 3519 25
311 3465 484 3520 austolosam
495 3493 528 3517 =
541 3465 695 3520 astulosam
713 3468 722 3536 55
740 3472 773 3520 27
794 3469 855 3522 aut:
875 3493 908 3513 =
926 3465 989 3520 vel?
1007 3469 1010 3538 5

26 3531 51 3579 ²8
66 3531 136 3588 foras
156 3537 302 3605 erumpent
320 3536 412 3607 Pelap.
430 3537 434 3606 5
450 3535 663 3592 trautromatieo
898 3581 899 3584 ,
1020 3562 1023 3582 ι

804 3625 856 3678 12*
