2512 3906
180 133 222 196 10
386 131 668 187 MULOMEDICINA
687 130 856 186 OHIRONIS
875 134 980 184 20-22

179 284 292 361 sagitta
313 281 435 358 perduci
458 281 556 360 debet,
586 281 638 342 sed
660 284 759 358 caute,
785 285 820 340 ut
843 281 955 341 medias
983 299 1073 341 venas
1096 280 1187 339 ferias

179 377 301 448 propter
323 389 442 446 nervos,
475 374 545 430 sunt
566 371 645 430 enim
669 372 742 430 haec
763 391 856 430 venae
879 371 977 430 nervis
1001 369 1186 429 commixtae.

122 461 162 518 20
246 461 290 520 IV
313 460 426 530 Quibus
450 460 570 518 articuli
598 460 630 518 in
661 461 756 518 causis
782 460 948 535 eruut,ch
975 459 1001 518 si
1029 459 1189 517 articulum

178 551 320 609 exemerit
333 550 382 608 vel
396 550 556 626 intorserit,
576 552 629 608 aut
642 549 668 608 si
682 549 830 624 aquatilia
842 551 874 607 in
890 548 1027 607 articulis
1039 547 1187 621 habuerit,

178 640 226 699 vel
254 639 400 715 quidquid
427 637 523 696 simile
550 639 582 696 in
614 638 748 697 articulis
781 638 952 715 contigerit,
985 636 1076 696 desub
1108 637 1188 694 cirru
1216 649 1228 689 5

178 729 299 806 sanguis
322 727 439 786 detrahi
462 726 555 786 debet
603 745 679 802 quae
693 746 795 787 ¹acerrae
823 727 939 802 positae
967 729 1036 784 sunt
1062 725 1187 783 inferius

179 835 269 893 quam
292 817 434 876 articulos
456 816 535 874 intro
558 816 640 874 foras
663 817 854 894 suffraginem
878 817 1021 893 tegentes.
1066 815 1098 872 iu
1121 815 1188 890 ipse

178 907 347 984 gracilitate
366 905 491 963 inferius
510 905 629 963 articuli
647 905 742 964 tribus
761 905 863 983 digitis
882 905 1017 980 superius
1036 921 1188 978 acorona,

178 996 302 1054 inferius
331 994 426 1053 tribus
456 993 560 1070 digitis
591 1011 681 1069 quam
710 995 789 1052 cirru
818 993 995 1070 suffraginis.
1041 992 1084 1050 ibi
1113 993 1188 1050 haec

177 1103 269 1144 venae
294 1083 409 1160 sagitta
429 1083 644 1158 percutiuntur,
668 1083 719 1141 sed
737 1083 850 1158 etipsa
869 1083 935 1141 loca
954 1081 1081 1140 sollicite
1099 1080 1188 1140 valde
1204 1093 1228 1132 1⁰

177 1173 293 1248 percuti
325 1171 440 1229 debent,
491 1173 522 1229 et
551 1172 625 1230 haec
656 1191 749 1231 venae
782 1172 955 1231 coniunctae
988 1172 1058 1229 sunt
1089 1169 1189 1229 nervis

178 1261 379 1320 articulorum.

89 1366 91 1369 ·
120 1350 159 1405 21
245 1349 274 1406 V
298 1348 457 1408 Oretiatico
488 1349 595 1408 melius
623 1349 659 1407 de
689 1349 805 1408 coronis
836 1349 980 1426 sanguine
1011 1347 1189 1405 detrahitur.

176 1439 225 1497 vel
239 1438 265 1496 si
278 1437 380 1496 basem
393 1439 521 1497 moverit
534 1441 588 1496 aut
602 1437 728 1496 duritias
747 1438 839 1498 citare
858 1437 996 1513 coeperit,
1016 1437 1051 1496 de
1070 1437 1189 1494 coronis
1253 1461 1254 1464 ¹

178 1527 205 1584 ei
228 1527 349 1604 sanguis
373 1527 536 1602 emittitur,
556 1526 605 1586 vel
628 1527 720 1585 etiam
748 1545 826 1586 nunc
856 1527 892 1584 de
922 1526 1056 1603 geminis.
1111 1536 1226 1600 quae1⁵

177 1635 270 1674 venae
293 1635 354 1674 non
377 1618 535 1694 apparent,
554 1635 615 1674 non
638 1616 715 1674 enim
740 1617 878 1691 eminent,
902 1616 980 1674 sicut
1001 1615 1033 1673 in
1056 1615 1189 1689 superio·
1253 1661 1254 1700 ,

176 1705 266 1766 ribus
313 1707 382 1764 sunt
412 1705 491 1762 enim
522 1723 615 1764 venae
646 1706 762 1780 positae
793 1705 873 1763 intro
905 1705 986 1762 foras
1017 1703 1049 1762 in
1078 1721 1190 1762 corona
1253 1725 1254 1792 1

178 1813 268 1870 supra
290 1794 356 1869 ipsa
377 1795 490 1870 ungula
509 1813 527 1852 a
550 1794 683 1870 geminas
707 1795 836 1868 quatuor
859 1793 962 1870 digitis
984 1791 1104 1870 positis3
1128 1809 1190 1868 que
1253 1843 1254 1848 ,

176 1884 256 1942 intro
287 1901 348 1958 qua
374 1883 455 1941 foras
483 1883 573 1941 simili
601 1883 689 1942 modo
726 1883 841 1958 positae
870 1884 947 1942 sunt.
993 1883 1066 1940 haee
1093 1900 1189 1940 venae
1253 1929 1254 1964 3

177 1972 264 2047 pulso
294 1971 486 2030 inveniuntur
516 1972 565 2030 vel
599 1971 782 2048 colliguntur
812 1970 920 2047 pollice
955 1970 1106 2028 subtiliter
1139 1970 1189 2028 de·
1203 1979 1226 2019 2⁰
1253 2031 1254 2040 ,

177 2078 287 2135 presso.
324 2061 429 2135 pulsus
448 2061 608 2138 colligitur,
632 2060 744 2137 sagitta
762 2061 977 2135 percutiuntur.
1010 2059 1042 2117 in
1060 2058 1189 2136 geminis
1253 2107 1254 2143 ,

177 2148 316 2207 similiter
341 2149 381 2207 ad
410 2150 507 2225 ipsam
534 2149 697 2208 divisurum
724 2149 910 2226 geminarum
939 2147 1078 2223 pollicem
1106 2167 1189 2206 men·
1253 2201 1254 2216 ,

177 2240 288 2313 surato,
310 2237 353 2296 ibi
376 2240 407 2296 et
428 2257 505 2297 vena
527 2238 627 2314 posita
650 2237 714 2296 erit.
760 2237 851 2296 simili
873 2237 961 2296 modo
985 2237 1062 2295 sicut
1083 2235 1116 2293 in
1140 2255 1189 2294 co·

177 2345 252 2385 rona
280 2326 406 2385 collecta
433 2327 547 2404 sagitta
575 2327 767 2403 percutiatur.
814 2345 915 2385 omnes
944 2327 1017 2384 haec
1038 2343 1131 2384 venae
1156 2325 1189 2383 in

44 2415 154 2475 105'b
177 2415 301 2491 pedibus
319 2418 388 2490 post
402 2416 555 2493 sanguinis
569 2416 756 2474 emissionem
769 2414 894 2474 fasciola
913 2415 1167 2491 constringuntur.
1184 2406 1188 2496 Ι
1204 2422 1225 2464 2⁵
1253 2475 1254 2480 ,

121 2503 159 2558 22
244 2503 288 2562 VI
320 2503 547 2580 Quibuscunque
579 2505 719 2562 iumentis
755 2504 877 2562 suffusio
910 2503 942 2561 in
975 2502 1100 2579 pedibus
1134 2523 1191 2578 per
1253 2557 1254 2560 ,

177 2595 358 2652 vetustatem
387 2593 515 2671 ungulas
547 2594 721 2653 extrusicias
752 2592 891 2651 habuerit
924 2592 972 2652 vel
1004 2595 1088 2651 bases
1123 2593 1190 2650 tam
1253 2581 1254 2588 ἵ

176 2683 261 2759 longi
292 2684 435 2758 temporis
466 2683 646 2760 olodiginem
679 2682 845 2756 habebunt,
877 2684 1018 2740 stremme
1049 2679 1190 2739 facienda
1253 2705 1254 2764 1

178 2771 247 2847 erit,
284 2772 361 2830 sicut
395 2772 475 2830 inira
504 2773 682 2830 demonstro.
733 2771 884 2846 componis
913 2769 1058 2847 ungulam
1093 2787 1189 2844 prope

176 2861 278 2920 vivum
302 2862 332 2918 et
355 2860 467 2920 adlides
492 2879 566 2938 eam,
589 2861 637 2919 cui
660 2861 691 2918 et
713 2862 885 2918 stremmam
906 2859 1007 2918 facies.
1053 2858 1100 2916 cui
1119 2857 1188 2916 alli-
1201 2869 1224 2909 30
1253 2861 1254 2950 1

177 2950 262 3027 gabis
285 2949 348 3009 lino
371 2950 563 3026 suffraginem
592 2949 649 3024 ita,
679 2950 714 3006 ut
743 2948 986 3025 constringantur
1007 2966 1109 3006 venae.
1157 2951 1189 3005 et
1253 2953 1254 2958 ’

175 3040 274 3098 totum
297 3039 394 3098 solum
415 3040 546 3115 ungulae
568 3038 601 3096 in
630 3037 769 3112 circuitu,
800 3037 945 3112 quidquid
974 3035 1087 3113 ungula
1118 3054 1188 3096 con-

249 3207 391 3276 lpercuti
414 3207 490 3278 ch:
510 3207 582 3276 quod
596 3208 733 3274 praefero,
750 3207 785 3272 cf.
806 3207 822 3260 l.
843 3211 876 3259 11
898 3209 907 3276 l
928 3211 944 3258 2
963 3205 1015 3259 hee
1028 3206 1067 3274 113
1091 3206 1192 3276 ch]

176 3281 242 3344 25‚6
268 3280 278 3347 11
311 3285 325 3332 7
349 3277 468 3332 articulo
491 3280 500 3348 11
529 3283 562 3331 10
586 3277 691 3346 sagitte
713 3278 722 3346 11
750 3282 782 3330 11
807 3277 928 3345 percutti
954 3281 964 3346 1
992 3282 1025 3329 13
1049 3284 1162 3346 sangui

178 3355 212 3403 14
235 3348 340 3403 duritia
368 3349 469 3403 scitare
496 3352 505 3419 11
533 3353 566 3402 18
588 3348 690 3417 positis
707 3374 740 3393 =
759 3347 941 3417 interpositis,
970 3349 1004 3415 cf.
1025 3363 1054 3416 p.
1079 3351 1106 3413 9,
1115 3351 1155 3401 28

174 3425 210 3473 19
230 3436 327 3488 quam:
346 3421 705 3488 qua-qua=et-et
723 3419 774 3488 Β11
792 3425 824 3472 21
844 3418 971 3489 geminus
985 3419 995 3487 11
1009 3423 1042 3471 22
1061 3418 1189 3488 gemino-

176 3508 238 3544 rum
255 3492 260 3564 1
277 3491 420 3544 insinuato
442 3491 481 3545 W
490 3493 499 3560 11
514 3497 548 3543 24
561 3491 614 3544 hee
628 3492 637 3559 11
651 3496 684 3544 26
704 3491 766 3560 ch.
776 3491 798 3542 I
802 3493 841 3544 26
854 3493 864 3560 11
877 3496 910 3543 27
925 3495 993 3544 uase
1007 3492 1016 3559 1
1030 3493 1064 3542 28
1080 3490 1187 3543 strema
