2512 3906
186 179 230 248 54
372 181 656 238 MULOMEDIOINA
677 181 845 237 OHIRONIS
866 186 1004 236 174-117

187 352 374 410 perseverare
394 335 470 392 solet
488 333 634 392 clodimen
652 335 684 392 in
701 353 761 392 uno
781 334 864 410 pede,
888 332 1006 409 quando
1024 332 1057 389 in
1075 327 1181 390 alternis

113 425 170 481 1⁷4
189 423 342 481 claudicet.
377 423 425 480 cui
448 423 531 481 nulla
554 423 712 500 diligentia
735 442 823 482 curae
846 421 984 498 prodesse
1007 423 1113 496 potest.
1143 419 1180 476 hic
1232 461 1233 464 ¹

113 522 121 559 ¹-
188 511 325 570 similiter
347 511 445 570 cibum
467 531 527 570 non
555 515 673 570 recusat
703 515 733 570 et
763 515 880 587 tempus
911 511 993 568 ducit
1023 513 1054 567 et
1076 507 1180 568 cottidie

188 600 316 659 deterior
339 605 369 658 et
391 601 519 659 macrior
540 601 592 659 fiet
614 601 651 659 ab
676 621 724 676 eo,
752 599 831 676 quod
859 600 897 657 ad
919 599 1066 656 medullas
1089 616 1180 668 eorum
1232 627 1233 630 ¹

188 689 240 764 qui
266 689 378 748 maleos
401 690 598 765 prenduntur‚
626 690 700 748 nihil
728 710 764 748 ex
791 689 855 748 cibo
882 688 1026 764 pervenit.
1073 697 1207 762 quorum5
1232 745 1233 748 ,

188 779 386 854 corrumpitur
415 781 513 837 totum
544 797 649 855 corpus
680 799 715 838 ex
746 777 897 856 sanguine.
943 795 1019 852 quae
1048 773 1180 849 corruptio

188 867 341 945 sanguinis
370 866 405 924 ex
431 867 462 926 vi
491 868 579 926 huius
610 868 705 925 morbi
738 866 904 943 praecurrit
934 868 964 924 et
992 865 1025 922 in
1052 863 1181 923 medullas
1232 924 1233 928 ,

188 957 385 1031 scapularum,
408 959 438 1013 et
460 975 551 1030 aeque
576 956 727 1027 cerebrum
749 955 912 1030 corrumpit
935 954 972 1012 ab
990 953 1182 1030 indigestione.
1227 997 1233 1016 ,¹

186 1045 284 1121 ipsam
298 1046 376 1102 enim
396 1062 492 1102 escam
512 1044 549 1102 ad
567 1045 738 1104 inferiorem
757 1044 944 1120 scapularum
963 1043 1062 1101 locum
1081 1039 1182 1115 accipit.
1232 1087 1233 1090 ,

187 1138 309 1210 propter
339 1133 418 1208 quod
435 1133 706 1208 :comprehenditur
736 1135 826 1209 caput
855 1132 993 1190 similiter
1023 1135 1054 1190 et
1086 1131 1208 1207 pulmall
1227 1157 1233 1204 31

114 1222 171 1281 111
190 1223 241 1280 ubi
263 1222 393 1297 primum
416 1212 539 1280 ¹morbus
567 1241 597 1281 se
625 1222 787 1282 abscondit.
833 1241 869 1279 ex
896 1240 955 1296 qua
977 1240 1009 1279 re
1033 1221 1119 1280 odore
1141 1235 1183 1276 suo
1227 1209 1228 1247 l

188 1312 288 1386 plures
312 1309 493 1386 coinquinat,
518 1311 596 1369 unde
620 1310 738 1386 etipsa
761 1311 875 1369 curatio
899 1329 1000 1368 eorum
1022 1306 1183 1368 insanabilis
1227 1342 1233 1378 1:

188 1402 241 1458 est.
286 1397 352 1456 ideo
386 1401 486 1457 autem
518 1400 566 1458 hic
597 1400 716 1460 morbus
749 1399 896 1476 contingit
925 1399 958 1456 in
988 1397 1045 1472 eis,
1076 1398 1185 1472 propter
1227 1387 1233 1436 ἶ

188 1488 269 1563 quod
296 1507 382 1546 omne
410 1488 588 1563 iumentum,
622 1489 701 1564 quod
729 1489 843 1565 ungula
873 1487 969 1546 solida
999 1487 1126 1560 calcant,
1152 1482 1184 1540 fel
1227 1513 1233 1554 3

187 1595 248 1634 non
279 1577 398 1635 habent.
452 1577 494 1635 fel
526 1577 605 1635 enim
637 1578 663 1636 si
693 1578 849 1651 haberent,
884 1575 916 1634 in
953 1595 1014 1651 quo¹
1044 1576 1211 1634 humorem1⁵

187 1665 353 1742 malignum
376 1665 469 1725 totius
497 1666 629 1743 corporis
651 1668 682 1724 et
708 1665 909 1742 perfrictionis
940 1659 1025 1742 longi
1054 1660 1185 1738 temporis
1224 1684 1233 1740 1

115 1787 121 1799 =
167 1754 366 1834 reciperent,
398 1773 551 1831 nunquam
580 1754 612 1812 in
645 1773 694 1814 eos
726 1756 833 1814 humor
864 1772 995 1830 amarus,
1027 1752 1186 1811 morborum
1227 1807 1228 1812 ,

187 1843 346 1922 pernicies,
375 1843 518 1903 insideret
548 1846 601 1902 aut
627 1843 773 1902 medullas
801 1863 904 1904 eorum
925 1841 1141 1918 perterebraret
1163 1841 1186 1895 et
1225 1831 1228 1888 ἕ

114 1935 171 1990 lto
191 1933 365 1991 articularia
397 1932 483 2009 signa
513 1932 689 2001 ostenderet.
740 1952 775 1990 ex
808 1951 866 2008 qua
891 1951 930 1990 re
962 1933 1061 1990 totum
1092 1944 1186 2004 corpus
1232 1997 1233 2001 ¹

190 2023 220 2079 et
243 2021 363 2079 articuli
386 2021 526 2080 laborant
549 2022 586 2079 ab
609 2022 727 2080 ustione
750 2024 874 2097 propter
895 2021 1077 2079 laxationem
1098 2019 1233 2094 poste-²⁰¹

187 2110 299 2169 riorum
317 2109 458 2186 partium,
479 2110 532 2169 ubi
550 2111 670 2169 morbus
689 2113 839 2185 operatur.
877 2110 934 2186 qui-
948 2108 1037 2168 facile
1056 2107 1186 2184 equabus
1232 2173 1233 2178 ¹

187 2198 219 2256 id
243 2200 287 2256 est
309 2198 438 2257 feminae
462 2218 556 2274 equae
580 2218 686 2277 genere
713 2199 873 2277 contingit,
898 2200 1035 2256 rarenter
1056 2195 1187 2269 maribus,
1232 2237 1233 2240 ¹

187 2290 311 2362 propter
334 2287 413 2362 quod
435 2287 616 2346 feminarum
638 2287 748 2346 matrix
770 2287 868 2363 ipsum
896 2287 1026 2362 concipit
1054 2283 1187 2344 morbum.
1232 2325 1233 2357 3

187 2377 219 2433 in
249 2395 308 2451 qua
335 2396 389 2450 per
420 2377 596 2454 sanguinem
624 2376 744 2436 morbus
773 2396 827 2452 pro
859 2377 1004 2451 conceptu
1032 2372 1187 2443 invalescit
1232 2413 1233 2416 ¹

189 2467 312 2540 propter
335 2466 415 2541 qnod
437 2464 565 2525 tabescit
588 2483 605 2523 a
628 2465 756 2541 renibus,
779 2465 811 2522 id
834 2462 889 2524 est
902 2464 939 2523 ab
964 2462 1097 2522 articulis
1120 2462 1187 2520 lum·
1199 2465 1215 2505 ²⁵

188 2553 308 2630 borum,
338 2553 416 2612 unde
446 2554 569 2630 regitur.
615 2554 646 2611 in
679 2573 739 2628 qua
768 2554 906 2629 passione
936 2573 989 2611 nec
1017 2552 1115 2611 cibum
1143 2566 1189 2608 nec

189 2645 294 2717 potum
324 2644 464 2701 recusant
495 2645 526 2701 et
554 2661 658 2719 aspere
688 2643 832 2717 tussiunt,
862 2642 968 2701 vicunt
994 2661 1048 2716 per
1076 2641 1190 2716 longum

63 2765 79 2776 .,
115 2729 320 2807 1711111111,
350 2730 508 2790 tabescunt
538 2734 567 2790 et
597 2732 638 2790 sic
667 2732 843 2791 moriuntur.
889 2730 996 2806 quibus
1026 2729 1191 2789 subvenitur
1232 2767 1233 2800 r

189 2820 421 2897 perustionem,
445 2819 470 2878 si
494 2819 629 2879 celeriter
652 2839 813 2880 succurras.
848 2819 896 2878 hic
919 2819 1038 2878 morbus
1062 2817 1190 2877 similiter
1232 2811 1233 2890 1

261 2978 277 3025 2
296 2973 327 3025 ic
340 2988 425 3041 cecrp.
440 2988 496 3025 non
515 2972 550 3024 de
565 2969 771 3025 claudicatione
788 2970 907 3024 iumenti
921 2970 1003 3024 unius
1018 2971 1069 3023 aut
1083 2965 1190 3023 alterius

189 3043 268 3113 pedis
283 3045 292 3112 11
307 3042 408 3096 lexui:
420 3042 525 3096 exitui?
535 3042 566 3116 119
577 3043 640 3113 ipsa
651 3042 660 3115 11
672 3047 706 3095 14
717 3043 749 3095 ia
762 3059 847 3112 marp.
857 3041 896 3095 fel
906 3059 962 3097 non
971 3039 1077 3113 11111111
1092 3045 1190 3104 151111-

190 3113 283 3186 βαίνει
305 3110 336 3167 u
359 3121 441 3168 scaro
465 3113 514 3168 διὰ
535 3114 567 3168 τὸ
592 3114 628 3183 μὴ
652 3111 789 3183 ὑπάρχειν
811 3118 848 3166 τῶ
870 3113 928 3186 ζώῳ
952 3112 998 3165 ἐπὶ
1019 3120 1069 3166 τοῦ
1093 3109 1191 3180 ἥπατος

190 3185 316 3256 ἀγγεῖον,
334 3184 365 3240 τὸ
384 3182 534 3254 λεγόμενον
553 3184 719 3256 χοληδόχον,
740 3181 798 3236 ἀλλ’
822 3168 897 3238 ε’ἷναί
914 3204 942 3237 τι
961 3180 1074 3250 recolor
1093 3181 1191 3236 ἐκλελο-

189 3255 289 3326 μένον,
312 3254 327 3310 ὃ
351 3254 519 3326 ἀποδέχεται
541 3265 640 3312 τοῦτον
663 3254 712 3308 τὸν
735 3255 823 3324 χνμὸν
846 3257 982 3309 κάκεῖθεν
1004 3255 1056 3322 τὴν
1078 3253 1192 3320 ἔκκρισιν

188 3337 311 3382 ποιεῖται
337 3327 385 3383 καὶ
413 3325 524 3397 μίγνυσι
546 3333 583 3400 τῷ
608 3325 705 3394 αἵματι
727 3330 784 3381 κτλ.
808 3327 842 3381 Η
863 3331 910 3393 10,
930 3330 982 3392 20;
1009 3326 1088 3392 iufra
1110 3325 1162 3378 345
1185 3319 1192 3388 1

191 3405 223 3453 11
242 3399 379 3472 reciperet
399 3401 407 3481 11
428 3406 461 3453 21
481 3399 617 3470 operitur:
641 3398 675 3464 cf.
692 3414 721 3466 p.
741 3400 786 3463 55,
795 3401 832 3451 27
853 3399 862 3467 11
883 3403 916 3450 22
935 3396 1050 3450 naribus
1071 3396 1075 3466 1
1095 3411 1132 3464 sq.
1152 3407 1192 3463 ge-

185 3471 507 3536 11111...111111111111111
529 3471 561 3523 ι’κι
583 3468 713 3535 inferiore
735 3469 858 3538 marpiae
882 3468 979 3522 addita
1001 3469 1010 3537 11
1033 3464 1192 3520 2711111111

189 3561 256 3599 corr.
276 3546 375 3613 Β1129
395 3559 538 3596 succurras
