2470 3902
221 165 504 221 MULOMEDmINA
523 166 691 222 CHIRONIS
710 173 849 222 sao-422
974 167 1038 232 129

40 316 76 372 ad
103 317 206 374 vitium
235 318 266 374 in
296 318 416 392 potione
446 317 538 392 dabis,
570 337 606 376 ex
637 319 706 376 vino
739 321 769 376 et
798 319 862 377 oleo
893 322 923 377 et
951 319 1038 378 ealda

42 405 141 477 pusilla
158 405 334 480 potionabis.
372 409 402 465 et
423 405 505 466 iubes
529 426 596 464 eum
618 406 817 482 deambulare,
840 407 932 467 donee
954 408 1039 467 dolor

41 493 86 550 ille
106 498 219 569 pauset,
243 497 273 552 et
295 513 400 553 sanum
421 494 479 554 fiet.

99 581 183 640 LVII
212 583 258 640 De
285 584 408 642 stentina'
429 584 603 643 versatione.
650 584 735 661 signa
758 587 844 642 erunt
865 584 946 643 haee.
991 587 1036 644 iu·
1054 585 1118 644 420

16 673 189 746 atestinum,
221 673 272 746 qui
293 675 418 730 vocatur
446 675 651 750 monenteron,
682 672 761 747 quod
790 672 911 748 quidam
941 673 1037 731 oolum

39 761 199 835 appellant,
222 763 344 836 propter
365 761 421 819 hoo
444 763 585 836 quoniam
607 762 721 820 nnllam
748 760 960 838 obligationem
981 762 1038 822 hoo

38 851 192 907 stentinum
206 850 321 924 patitur
333 850 490 926 intestinis,
505 851 556 909 sed
569 851 723 908 volutatur
736 850 903 928 singularis,
917 853 1039 926 propter

38 938 111 1012 quod
134 941 289 1013 strepitum
310 939 414 997 reddet
436 941 466 997 et
491 940 523 996 in
552 958 669 998 cursum
692 942 723 998 et
743 940 776 996 in
799 938 1038 997 ambulationem.

36 1028 117 1103 signa
136 1029 237 1085 autem
255 1025 369 1085 adferet
385 1027 466 1087 haeo.
503 1047 570 1086 oum
586 1027 727 1105 ambulat,
750 1027 896 1103 prioribus
914 1027 1037 1103 pedibus

4 1115 231 1174 robansvarioat
259 1115 415 1191 pusillum,
442 1118 606 1192 posteriora
637 1115 835 1193 subporriget,
863 1117 926 1192 ipse
953 1134 1037 1192 prae-

34 1207 128 1280 gyrat‚
152 1204 300 1280 sugglutit
322 1204 480 1264 doloribus.
525 1223 595 1263 nam
619 1205 827 1264 intestinorum
848 1208 957 1263 natura
979 1223 1039 1262 non

34 1296 76 1351 est
105 1293 240 1368 aequalis
269 1294 302 1350 in
331 1293 473 1352 ommibus.
525 1294 619 1369 aliqui
649 1295 727 1352 enim
755 1293 867 1352 habent
895 1295 1036 1353 intestine
1054 1293 1115 1350 421

32 1399 142 1458 magna
163 1381 273 1457 pedum
290 1381 344 1439 XX
363 1386 392 1441 et
414 1401 514 1459 uuum,
536 1383 679 1441 interiora
696 1382 805 1458 pedum
821 1381 931 1457 XVIH,
954 1386 1038 1441 tenu·

32 1472 95 1528 iora
117 1470 228 1544 pedum
252 1471 301 1528 52.
339 1471 458 1529 ethaeo
477 1471 595 1546 quidem
618 1472 654 1529 de
677 1490 711 1529 eo
735 1471 947 1546 quidquid
972 1492 1038 1530 oum

4 1577 20 1617 u
33 1557 188 1617 Sarmatae
204 1577 305 1616 eorum
322 1560 450 1618 minores
467 1560 578 1618 habent
600 1563 721 1636 propter
740 1562 876 1618 aetatem.
915 1561 965 1635 qui
983 1561 1039 1618 hoo

31 1649 105 1706 vitio
128 1651 281 1722 tenentur,
309 1649 350 1707 sie
373 1667 422 1708 eos
445 1647 569 1708 curabis.
615 1648 864 1708 ambulationibus
892 1650 1039 1726 contingit

32 1739 73 1795 eis
115 1737 226 1795 resolvi
262 1737 294 1794 in
329 1738 466 1796 stentirris
502 1738 622 1812 pariter.
682 1737 787 1795 deinde
821 1736 969 1796 suffundes
1011 1738 1041 1794 ei

30 1845 83 1899 per
101 1844 190 1884 nares
209 1825 291 1884 lauar
305 1824 502 1902 llyrineioum,
530 1827 620 1885 etsie
639 1827 666 1884 ei
689 1825 845 1900 suffundas,
873 1829 907 1883 ut
930 1845 952 1884 s.
972 1845 993 1884 s.

31 1933 137 1973 sanum
164 1913 224 1972 fiet.

4 2110 18 2148 ο
416 2085 593 2150 LIBER
621 2086 656 2152 V.

313 2218 329 2274 1
355 2216 391 2274 de
415 2215 559 2275 eoleribus
582 2216 666 2275 sioois
705 2299 706 2302 Ἴ

311 2306 329 2362 2
355 2305 390 2362 de
413 2305 558 2364 coloribus

313 2395 331 2452 3
356 2393 391 2450 de
415 2394 560 2452 ooleribus
582 2394 710 2452 humidis

101 2533 176 2594 4811.
195 2526 231 2581 H
246 2529 340 2592 132,4
358 2525 504 2597 συμβαίνει
526 2525 557 2580 δὲ
579 2535 661 2581 τοῦτο
684 2530 721 2582 τῶ
749 2525 858 2600 μεγάλῳ
883 2525 995 2595 ἐντίροο,
1023 2524 1039 2580 δ

27 2595 138 2666 λέγεται
161 2594 336 2665 μονίντερον.
373 2594 446 2660 τινὲς
471 2594 502 2651 δὲ
528 2600 617 2653 κῶλον
641 2582 750 2667 λένούσι
774 2597 823 2652 διδι
848 2599 879 2653 ab
905 2598 941 2666 μὴ
965 2581 1040 2666 tzere

28 2670 186 2736 σύνδεσμον
204 2676 264 2730 τοῖς
281 2671 388 2730 λοιποῖς
402 2665 530 2736 ἐντέροις,
548 2666 618 2722 ἀλλὰ
635 2667 782 2723 κυλίεσθαι
795 2666 865 2724 καθ’
883 2666 974 2736 eumd,
993 2668 1038 2721 διὸ

29 2740 79 2792 καὶ
97 2733 169 2810 ἦχον
188 2739 317 2792 ἀποτελεῖ
333 2739 382 2793 καὶ
399 2739 497 2808 ψόφον
517 2735 548 2794 ἐν
566 2743 603 2812 τῷ
620 2738 763 2813 περιπάτῳ
782 2740 830 2794 aot
853 2739 954 2811 δρόμῳ.
992 2755 1039 2806 ση-

28 2819 95 2877 μεῖα
124 2807 156 2863 δὲ
185 2807 264 2879 φέρει
290 2807 365 2863 τάδε.
414 2819 574 2878 περιπατῶν
603 2820 661 2873 τοῖς
693 2808 874 2880 ἐμπροσθίοις
898 2807 1040 2934 διαβαίνει

28 2879 116 2949 μιιιρδι
135 2881 184 2934 aul
201 2879 237 2933 τὰ
255 2878 374 2935 ὀπίσθια
394 2879 543 2951 προςφέρει
565 2882 661 2944 αὐτοῖς
683 2882 732 2936 καί
751 2879 920 2952 σννιιοίμπτει
953 2881 1039 2935 αυτὸν

29 2953 215 3020 ὀδυνώμενος.
244 2948 308 3020 ἡδὲ
326 2959 381 3006 τῶν
396 2949 513 3020 ἐντέρων
528 2953 612 3021 φύσις
624 2954 675 3008 otu
694 2953 767 3006 ἔστιν
786 2951 830 3021 ἴση
848 2951 926 3020 παρὰ
945 2959 1039 3006 πᾶσιν.

29 3023 57 3077 οἱ
71 3021 123 3091 μὲν
138 3020 192 3147 peip
208 3020 317 3094 ἔχουσιν
331 3021 427 3092 ἔντερα
443 3021 547 3092 μεγάλοι
561 3026 657 3079 ποδῶν
671 3022 724 3096 κβ,
738 3021 823 3077 λεπτδι
836 3020 868 3076 δὲ
882 3024 978 3078 ποδῶν
988 3021 1039 3092 ξδ’,

27 3091 142 3156 τινὲςδ
174 3091 325 3162 λέγουσιν’
344 3093 393 3148 aul
411 3092 447 3165 β’,
465 3095 514 3149 καὶ
532 3089 608 3149 οὗτοι
627 3091 715 3164 μενά
740 3089 799 3148 ὀύ
818 3090 855 3148 δν
873 3093 922 3148 τδν
936 3111 1040 3161 ιισιταρ-
1067 3105 1069 3112 ·

29 3165 128 3234 τισμὸν
149 3165 282 3235 φύγωσιν.
319 3164 334 3218 ὁ
354 3162 384 3218 δὲ
403 3165 510 3220 τούτων
528 3166 661 3234 νεώτερος
679 3164 781 3219 ἐλασσω
799 3161 869 3220 καθ’
892 3163 1011 3232 ἡλικίαν.
1032 3164 1037 3236 Ι

29 3235 164 3290 stentinis
178 3237 188 3306 11
202 3241 218 3289 5
231 3237 415 3291 monentoron
428 3238 438 3307 11
453 3243 467 3290 7
483 3237 630 3290 stintinum
646 3239 650 3306 1
668 3235 823 3306 singulares
837 3237 875 3304 118
891 3237 947 3289 stre
968 3234 1041 3288 itum

27 3309 143 3396 scripsi:
163 3307 298 3396 seriptum
315 3309 354 3376 119
378 3307 440 3430 Vepl.
460 3308 539 3390 V.⁵.9
552 3309 561 3376 11
576 3313 607 3360 11
628 3306 778 3376 sugglutit:
797 3307 923 3386 confudit
957 3307 1042 3388 ¹a'rora

28 3379 343 3503 ”traaarral
362 3383 412 3504 a
434 3379 610 3519 ¹,asaal
634 3375 1049 3518 saturaturus

27 3467 103 3574 liber
122 3467 250 3587 quintusp
414 3493 418 3503 Ι
610 3492 615 3502 ⁵
996 3468 1014 3520 p

83 3618 236 3660 Mulomed.
251 3617 334 3669 chia,
349 3619 383 3660 od.
398 3617 478 3660 Odor.
863 3613 879 3660 9
