2512 3906
177 172 220 250 38
368 171 650 227 MULOMEDICINA
669 171 838 229 CHIRONIS
858 178 998 226 117-120

177 327 272 401 signe,
296 342 371 398 quae
392 323 570 401 contingrmt
592 345 628 382 ex
649 343 758 401 magno
781 322 883 382 labore
907 326 937 382 et
959 324 1079 400 frigore,
1102 340 1183 382 cursu

177 412 388 471 demissionum
411 413 635 488 quadrupedum
660 413 692 471 in
714 413 875 471 certamine
902 413 1077 492 plerumque
1101 414 1131 469 et
1151 430 1183 468 er

176 500 416 577 perfrictionibus
447 503 535 561 etex
565 502 727 561 sudoribus
774 501 935 577 aliquando
969 504 1070 559 tamen
1099 502 1183 559 etex

177 590 323 649 cruditate
344 590 529 667 contingunt,
549 592 621 648 tunc
635 610 701 648 oum
719 590 812 649 herba
826 609 905 650 nove
922 589 1183 649 inmoderationem

177 678 317 738 sentiunt.
358 682 430 738 tunc
453 679 532 737 enim
555 680 650 738 omnis
674 697 740 738 esce
763 679 867 739 viridis
890 681 922 737 et
944 698 1022 754 aqua
1044 679 1134 754 plena
1154 677 1213 734 ins

176 769 294 844 partem
333 768 489 826 cruditatis
526 787 556 826 se
593 768 741 828 convertit
777 771 807 827 et
843 768 1006 827 difficiliter
1043 767 1181 842 coquitur.

101 854 158 912 117
179 856 259 932 quod
299 857 406 916 vitium
444 857 500 915 hac
545 857 660 915 ratione
702 857 790 916 debet
834 857 945 933 curari,
991 857 1070 931 quod
1110 855 1183 914 infre

176 946 320 1022 scriptum
346 947 399 1004 est.
445 945 598 1022 sanguinis
621 945 807 1005 emissionem
833 946 925 1004 facies
949 966 983 1003 ex
1006 945 1183 1020 temporibus

176 1036 230 1093 aut
253 1054 289 1092 ex
310 1034 376 1108 ipsa
398 1033 482 1092 fecie.
525 1034 673 1092 abstinere
697 1036 816 1110 oportet
838 1035 875 1092 ab
899 1035 980 1093 omni
1003 1053 1070 1093 esce
1092 1033 1184 1109 prima

176 1123 239 1198 die,
263 1123 380 1181 debibet
405 1124 537 1197 tantum,
574 1123 697 1181 subinde
728 1123 871 1199 pusillum
903 1123 1057 1200 porrigito.
1116 1122 1183 1180 item
1195 1132 1213 1172 1⁰

175 1210 460 1270 inambulationibus
484 1211 598 1271 levibus
626 1211 672 1270 uti
701 1212 827 1272 debebit.
874 1212 978 1271 calidis
1006 1231 1124 1286 quoque
1146 1210 1184 1268 lo-

180 1300 223 1359 cis
241 1300 280 1357 ed
298 1300 507 1358 continendam
527 1301 709 1359 curationem
725 1301 846 1375 parabis
865 1321 940 1358 eum.
973 1319 1040 1359 cum
1058 1298 1184 1376 coeperit

50 1379 155 1438 lll'b
178 1388 289 1446 melior·
302 1407 373 1463 esse,
393 1387 398 1462 Ι
417 1389 590 1447 minutatim
610 1389 735 1447 mixtam
754 1408 850 1449 escam
868 1389 1024 1467 porrigito,
1047 1389 1073 1447 si
1096 1389 1184 1447 dicta-

177 1477 254 1536 verit
285 1476 383 1552 ipsum
412 1479 537 1552 tempus.
593 1479 672 1553 quod
704 1478 729 1537 si
761 1478 843 1538 locus
875 1497 935 1536 non
966 1478 1058 1536 fuerit
1089 1475 1184 1549 dandi,

178 1565 287 1624 sumito
311 1567 433 1624 ordeum
463 1569 493 1624 et
522 1569 671 1625 macerato
700 1567 856 1643 ipsumque
887 1586 1013 1644 granum
1043 1569 1213 1642 tanquem1⁵

104 1653 162 1711 118
180 1655 331 1731 ptisanam
353 1655 481 1730 remitte,
505 1656 585 1730 quod
610 1655 697 1714 initio
720 1655 810 1714 febris
833 1656 975 1731 pusillum
1002 1655 1095 1714 dabis.
1131 1655 1183 1712 fre-

181 1745 306 1818 quenter
325 1743 444 1818 quidem
463 1747 494 1802 et
512 1744 574 1802 sine
592 1745 672 1802 febre
697 1745 856 1803 demissum
878 1746 969 1819 caput
990 1744 1121 1818 hebebit,
1139 1762 1183 1820 ge·

179 1831 266 1891 nibus
285 1832 433 1891 subsultet
458 1835 496 1910 et,
520 1852 586 1891 cum
613 1833 779 1908 procubuit,
807 1833 959 1891 dilatatur
991 1833 1069 1892 hunc
1089 1835 1184 1890 autem

39 1959 47 1995 ιι
71 1939 92 1959 -’
113 1940 114 1944 ’
179 1921 221 1980 sic
236 1939 393 1999 cognosces
412 1921 474 1980 sine
493 1921 573 1979 febre
593 1940 669 1980 esse:
693 1922 754 1980 sine
773 1922 1013 1981 inhabilitatione
1031 1918 1184 1997 [in]escem

177 2028 262 2068 suem
287 2009 412 2069 conficit.
450 2011 656 2068 tantummodo
675 2011 731 2069 hoc
753 2011 906 2088 intelligis,
931 2011 1001 2086 quia
1023 2012 1095 2069 tunc
1118 2018 1213 2085 parsw

176 2099 288 2157 laboris
311 2099 342 2155 in
362 2117 395 2156 eo
415 2099 564 2158 remansit.
604 2118 674 2157 nam
698 2099 749 2174 qui
771 2099 930 2177 febricitat,
953 2099 1069 2157 nullam
1092 2117 1183 2158 escam

97 2181 102 2202 ι
177 2187 256 2264 petit
290 2189 320 2245 et
358 2187 462 2245 statim
493 2188 610 2246 tristem
646 2188 743 2246 adfert
777 2191 941 2265 aspectum,
980 2187 1183 2246 tantummodo

102 2275 161 2332 119
174 2275 333 2351 'potionem
362 2276 517 2334 desideret.
572 2295 725 2351 nunquam
756 2279 856 2334 temen
888 2277 1078 2336 subnervales
1107 2275 1183 2334 iilius
1239 2307 1240 2310 η

177 2384 268 2424 venas
290 2364 426 2442 tetigeris
448 2365 542 2440 ferro,
573 2386 609 2422 ne
640 2365 783 2442 sanguine
813 2384 864 2424 eas
892 2365 1005 2424 inanies
1029 2367 1060 2423 et
1082 2379 1183 2424 nervos

177 2454 240 2512 eius
262 2454 375 2513 eviries.
421 2454 570 2532 contingit
588 2453 667 2511 enim
687 2454 860 2530 plerumque
884 2454 1118 2513 contractionem
1144 2451 1213 2511 eise

177 2543 249 2617 fieri,
274 2543 326 2618 qui
340 2546 371 2601 et
384 2542 507 2601 subinde
526 2544 565 2600 ad
582 2544 694 2600 terrem
713 2561 742 2601 se
761 2543 878 2618 proicit,
902 2563 937 2601 ex
960 2562 1020 2618 qua
1039 2561 1069 2601 se
1088 2542 1181 2601 levare

175 2631 227 2690 vix
248 2631 357 2708 possit,
386 2634 416 2689 et
438 2631 542 2689 stetim
569 2649 598 2689 se
621 2632 741 2690 morbus
763 2632 794 2689 in
818 2632 1000 2691 contrarium
1023 2631 1127 2706 vertit,
1156 2631 1183 2687 et

176 2720 219 2779 sio
248 2720 397 2796 contingit
425 2720 506 2778 vitae
535 2720 700 2794 periculum
730 2720 772 2778 eis
800 2720 872 2778 fieri.
917 2739 988 2778 nam
1018 2720 1070 2795 qui
1099 2718 1182 2778 febri·
1238 2757 1239 2792 3

176 2809 284 2885 citent,
308 2828 326 2867 a
348 2809 444 2884 primo
468 2809 515 2866 die
537 2827 631 2884 usque
654 2809 693 2867 ed
719 2809 841 2867 tertium
869 2809 990 2883 durant,
1024 2809 1095 2884 quia
1121 2808 1182 2884 plu-

100 2897 223 2956 latres
246 2898 361 2956 efficere
384 2917 444 2955 non
466 2899 598 2973 possunt.
646 2900 715 2956 sunt
742 2899 842 2956 autem
866 2898 915 2974 ah',
940 2897 991 2972 qui
1022 2897 1213 2957 aunonensi

98 3049 99 3054 ,
176 2987 323 3064 prendant
350 2987 482 3046 iumento
516 2989 546 3044 et
568 2987 663 3045 latera
693 2988 828 3045 scrutant
857 2989 888 3044 et
915 2986 968 3044 sub
996 2986 1133 3045 humeros
1155 2986 1183 3041 et

248 3246 460 3300 coemissorem
470 3245 508 3298 M
518 3247 558 3313 114
572 3243 683 3298 hebeno
699 3244 746 3299 de:
761 3259 828 3298 corr.
843 3244 870 3297 B
884 3245 894 3314 ΙΙ
909 3249 942 3296 10
957 3243 1085 3299 debebit:
1100 3241 1182 3313 μόνον

176 3325 226 3371 τοῦ
251 3315 376 3386 πόματος
403 3315 475 3371 κατὰ
503 3315 602 3384 μικρὸν
630 3311 780 3383 διδομένου
803 3316 812 3385 lt
834 3321 867 3368 la
886 3314 1107 3370 continuandam
1126 3310 1180 3382 Mt

176 3387 302 3444 curabisz
316 3389 441 3458 intellepo
455 3386 579 3456 gyrebis,
594 3387 629 3453 cf.
641 3403 669 3454 p.
685 3390 730 3452 39,
739 3389 775 3440 24
789 3388 799 3456 ΙΙ
814 3392 846 3440 16
861 3385 1004 3455 tpisanam
1016 3387 1026 3455 ΙΙ
1042 3391 1074 3439 17
1090 3383 1182 3439 dimis-
1237 3403 1238 3420 ¹

176 3476 239 3513 sum
251 3461 261 3528 ΙΙ
276 3464 308 3512 18
328 3459 477 3513 ἀναπεσὼν
496 3457 665 3511 πλατύνεται
678 3459 688 3525 ΙΙ
702 3462 735 3509 19
754 3456 974 3512 inhabitatione:
998 3473 1067 3511 corr.
1088 3457 1125 3510 Μ
1137 3457 1141 3526 Ι
1156 3454 1183 3506 in

175 3530 261 3584 delevi
278 3537 310 3584 et
329 3528 422 3583 διττόν
445 3529 449 3598 t
473 3533 507 3581 24
525 3527 652 3598 tetigerit
668 3530 671 3596 t
688 3526 848 3598 inanissett
863 3533 897 3581 26
913 3527 1045 3583 alteram:
1064 3545 1132 3584 corr.
1151 3524 1185 3578 M
