2512 3906
269 181 552 236 MULOMEDIOINA
571 182 739 239 cumolos
759 189 863 238 37-39
1031 184 1072 248 15

66 332 152 390 tollit
204 331 343 391 similiter
374 335 405 391 et
437 333 628 411 ossilaginem
658 334 770 392 urendo
803 333 924 394 auferet.
975 334 1129 393 0111111117

65 440 132 498 ergo
167 439 310 498 compago
342 421 544 499 colligationis
576 426 716 498 conupta
752 422 892 496 solvitur,
927 422 1010 482 cuius
1042 425 1073 481 et

63 509 148 568 dolor
175 529 229 585 per
260 510 373 569 saniem
404 511 533 570 ludendo
566 514 707 571 aufertur.
754 530 846 586 quare
874 512 1013 588 solvitur,
1040 513 1072 570 id

62 601 107 658 est
143 598 263 657 laxatur
311 596 387 676 [XI]
432 601 537 660 oinesis
572 601 846 677 commissurarum,
883 603 913 658 ot
948 600 1073 676 incipiet

34 688 175 746 trectius
198 687 350 747 ambulare
373 691 404 747 et
426 689 544 767 agilius,
581 710 684 750 vorum
707 692 753 748 est
775 708 846 766 ergo
870 690 901 747 et
922 690 1071 748 ustionem

60 775 223 835 dissolvere
242 795 337 852 posse.
374 778 449 837 adeo
467 781 583 838 veteres
601 781 738 838 auctores
762 778 929 853 exemplum
952 778 1071 837 demon-

58 867 173 941 strant,
206 866 256 941 qui
288 867 478 942 praecipiunt
508 869 672 928 fracturam
703 885 856 943 nunquam
883 865 987 924 debore
1014 868 1070 925 uri.

57 957 130 1014 usta
149 955 228 1013 enim
246 955 349 1014 dicunt
366 956 443 1015 solvi
462 975 497 1016 ea
515 957 731 1016 connodatione
747 957 904 1014 fracturae.
934 955 1070 1014 observa-

57 1043 160 1102 bimus
182 1063 253 1120 ergo
275 1045 439 1104 fracturam
462 1065 615 1122 nunquam
636 1066 730 1104 urere.

19 1143 42 1182 1⁰
126 1132 187 1190 XII
210 1133 277 1202 Qua
298 1133 415 1192 ratione
439 1135 557 1212 singula
579 1135 655 1194 vitia
681 1134 761 1194 inuri
791 1134 911 1209 debent,
941 1133 1071 1208 primum
1089 1133 1127 1188 38

57 1221 240 1280 demonstro.
293 1223 372 1282 ustio
400 1226 502 1282 autem
530 1242 550 1283 c
577 1227 669 1298 cupite
698 1223 785 1282 debet
813 1223 878 1281 fieri
913 1241 941 1280 a
959 1222 1070 1282 cervice

57 1329 114 1386 pro
138 1310 241 1388 virgas
264 1311 370 1388 longas
392 1330 476 1371 secus
499 1313 644 1388 scapulas,
667 1315 779 1388 puncta
802 1312 880 1370 inter
897 1312 1000 1389 virgas
1022 1330 1070 1369 us·

56 1417 116 1474 que
141 1399 181 1457 ad
204 1399 327 1459 lumbos.
356 1404 467 1476 ,caput
494 1401 572 1461 enim
599 1402 763 1478 principale
792 1403 838 1459 est
863 1401 943 1459 inter
969 1401 1070 1459 omnia

56 1487 195 1546 membra
218 1490 358 1564 corporis.
407 1490 486 1566 quod
517 1509 585 1550 cum
615 1510 676 1550 non
707 1491 876 1550 continetur
908 1507 927 1547 a
957 1489 1070 1564 morbo,

17 1588 40 1624 ¹⁵
55 1577 180 1636 nullum
202 1577 367 1652 periculum
388 1579 504 1655 patitur
526 1579 699 1638 iumentum.
737 1578 875 1638 similiter
898 1579 928 1636 ct
945 1578 1070 1653 posteri-

55 1685 112 1726 ora
135 1667 204 1724 loca
223 1667 374 1741 oportebit
394 1667 482 1726 inuri.
523 1671 599 1728 rioci
616 1669 695 1727 enim
718 1687 748 1726 se
771 1667 892 1726 morbus
915 1666 1070 1743 abstrahit,

56 1755 111 1830 qui
144 1755 317 1830 adpellatur
347 1757 483 1832 nebites,
512 1757 606 1816 latine
643 1757 815 1816 subrenalia
861 1755 983 1814 nebites
1014 1755 1071 1814 erit

54 1844 118 1918 hic,
149 1842 202 1918 qui
231 1845 316 1922 signa
342 1846 416 1904 haec
443 1846 549 1906 adfert.
594 1845 745 1922 protrahit
770 1845 950 1921 posteriores
980 1844 1070 1919 pedes

55 1935 90 1990 et
110 1933 275 2007 strepitum
293 1933 328 1991 de
347 1934 538 1994 interioribus
554 1936 667 2012 reddet,
691 1937 721 1993 et
739 1953 805 1994 cum
818 1934 937 2009 prodire
955 1933 1070 2008 incipit,

16 2032 40 2070 ²⁰
54 2020 204 2098 impingit
231 2041 261 2080 sc
289 2023 324 2080 de
352 2023 466 2098 pariete
494 2024 526 2082 in
552 2025 705 2100 parietem.
756 2026 787 2082 et
814 2024 894 2082 hunc
923 2022 1069 2080 inurimus
1087 2020 1126 2075 39

53 2130 111 2185 per
144 2112 226 2170 totos
261 2111 377 2171 lumbos
409 2131 502 2188 usque
539 2113 578 2172 ad
608 2113 794 2174 vertsbulum
825 2111 1008 2186 lumborum,
1041 2113 1071 2169 et

53 2199 177 2258 vesicae
196 2202 307 2274 puncta
321 2203 403 2259 recta
416 2221 476 2260 non
489 2203 557 2278 plus
572 2204 614 2261 24
629 2201 752 2260 alternis
766 2202 862 2259 dorsis
876 2201 987 2277 digitos
1000 2201 1070 2274 treS,

55 2288 180 2346 ordines
194 2290 254 2347 tros
268 2289 419 2366 facientes,
442 2291 480 2349 ab
499 2291 567 2350 aliis
586 2292 645 2350 alio
663 2291 816 2365 distantes,
835 2290 867 2348 in
880 2289 1071 2347 altitudinem

55 2376 167 2454 digitis
188 2377 292 2438 tribus.
339 2381 370 2436 et
393 2380 459 2455 ipsa
481 2380 566 2455 vitia,
599 2399 674 2456 quae
696 2379 744 2437 uri
767 2378 883 2454 debent,
914 2396 1070 2454 parapros-

16 2475 41 2515 25
54 2467 144 2524 mata
178 2467 375 2541 appellantur.
429 2487 504 2543 quae
536 2468 612 2528 fiunt
642 2471 675 2527 111
706 2487 837 2527 concava
868 2467 1070 2542 articulorum,

56 2572 136 2629 quas
160 2555 331 2615 melcerides
353 2558 515 2632 appellant.
560 2560 591 2616 et
612 2559 685 2617 hoec
707 2557 773 2632 ipsa
796 2557 915 2633 adures,
945 2556 970 2613 si
996 2555 1070 2612 mol·

55 2644 138 2702 liora
163 2645 193 2701 et
215 2663 301 2703 nova.
339 2665 406 2704 oum
427 2647 620 2705 induruerit.
645 2646 770 2705 ..hacc
791 2646 902 2704 rationi
925 2663 985 2702 non
1003 2643 1070 2718 plus

55 2731 253 2790 altitudinem
277 2753 387 2810 eorum,
409 2734 536 2810 ideoque
558 2735 625 2811 ipsa
647 2736 714 2794 loca
737 2735 827 2793 exilia
854 2735 924 2792 sunt
950 2735 981 2790 et
1003 2749 1078 2808 gra--

130 2902 337 2958 3111111111
368 2906 378 2973 ΙΙ
410 2909 441 2958 11
468 2921 486 2958 a
509 2903 601 2974 capite
628 2905 669 2958 oct
692 2903 729 2958 ad
752 2905 837 2973 caput
860 2904 900 2957 B:
924 2900 1045 2970 accipiet
1062 2900 1071 2972 tt

57 2978 92 3026 12
118 2973 204 3044 virga
235 2977 244 3045 ΙΙ
277 2981 310 3028 16
338 2974 409 3028 rieni
435 2977 525 3044 suppl.
553 2977 740 3030 Lommctzscb
774 2975 778 3046 Ι
809 2972 921 3028 morbos
947 2973 957 3040 ΙΙ
985 2976 1018 3024 17
1035 3003 1075 3020 -.

54 3063 83 3114 p.
109 3051 160 3113 16,
175 3050 210 3098 20
235 3047 350 3102 redeunt
369 3047 448 3114 tusca
469 3051 622 3114 ccl-466,
648 3064 718 3116 quoe
742 3047 838 3100 melias
864 3050 978 3098 (1111111111
1002 3044 1070 3096 tule-

55 3123 134 3184 nmt,
155 3117 190 3184 cf.
211 3117 272 3188 ch.
286 3118 309 3171 I
318 3120 407 3188 81121
423 3120 499 3171 totus
516 3117 520 3188 Ι
536 3117 712 3172 vortobulum
721 3143 755 3162 =
764 3115 994 3184 1111111111122
1010 3131 1027 3167 a
1041 3113 1071 3167 la

54 3189 146 3242 tornis
167 3188 269 3244 dorsis:
288 3205 357 3244 corr.
371 3189 521 3259 infricuit
539 3188 570 3242 in
587 3188 781 3243 altitudinem:
800 3185 952 3240 latitudine
970 3186 1049 3252 infra
1061 3185 1071 3258 1

55 3264 89 3312 25
112 3259 147 3313 in
171 3260 283 3314 addidi:
311 3259 342 3313 in
365 3260 495 3314 concavis
518 3261 597 3327 infru
626 3260 630 3330 1
660 3257 853 3313 articulorum:
876 3255 1071 3312 testiculorum

54 3331 135 3397 infra
164 3333 174 3400 ΙΙ
202 3336 235 3384 26
254 3330 443 3385 melliceridas
461 3333 540 3398 iufra
556 3332 559 3402 t
575 3331 629 3386 hoc
659 3332 669 3399 ΙΙ
700 3335 734 3382 27
753 3330 910 3384 eructuant
931 3329 1071 3383 haedoue

54 3403 157 3470 lineae,
174 3403 210 3468 ef.
225 3404 304 3470 iufra
317 3407 387 3457 466:
404 3419 469 3456 oum
485 3401 679 3457 induraverint
691 3402 721 3454 et
734 3398 913 3468 vcteruerint,
932 3399 963 3452 in
980 3402 1071 3455 totum

51 3491 111 3528 non
132 3475 201 3526 sunt
218 3473 371 3543 tangenda.
404 3491 472 3527 nam
486 3473 599 3542 plantas
619 3475 647 3526 et
661 3489 754 3542 genua
766 3473 878 3526 urentes
896 3471 970 3525 hanc
983 3470 1070 3525 ratio-

51 3547 195 3614 1111111128
215 3543 278 3600 ideo
297 3544 366 3614 quia
384 3545 463 3611 iufra

897 3736 913 3770 ἲ
