2470 3902
203 152 267 218 128
389 151 669 206 MULOMEDIOINA
688 151 858 208 CHIRONIS
877 159 1019 207 417-419

202 305 357 365 subsidunt
387 306 417 361 et
447 305 624 379 posteriores
654 304 756 379 pedes,
794 303 895 378 effuyit
924 304 1048 362 cubitus.
1096 299 1195 378 pabulo

200 396 302 469 itaque
327 395 444 468 oportet
471 392 516 450 uti
537 392 671 467 humido,
699 398 734 450 ut
756 411 822 450 eam
850 411 947 451 escam
973 391 1094 466 habeat,
1125 393 1196 448 utere

201 480 460 555 ambulationibus,
484 484 515 538 et
534 481 628 539 bibere
647 481 830 556 minutatim,
852 481 969 540 cubitos
993 482 1090 540 facere
1112 479 1196 554 lougi-

200 590 273 630 ores.
320 572 438 646 opoitet
466 569 567 644 itaque
597 571 643 628 uti
671 570 859 628 unctionibus
889 569 1049 647 pinguibus
1078 572 1107 628 et
1134 571 1197 627 stra·

199 659 307 719 mentis
329 659 477 718 mollibus.
502 677 610 734 aquam
628 657 712 717 bibat
731 679 797 718 cum
816 659 968 734 abrotauo‚
991 662 1114 734 propter
1133 655 1223 732 quodi

201 749 409 809 suffusionibus
432 766 491 805 non
514 747 634 805 utimur.

267 841 293 896 si
314 837 392 912 quod
412 837 577 894 iumentum
601 836 684 894 iocur
711 835 848 908 dolueiit,
874 836 960 913 signa
984 834 1109 894 habebit
1129 834 1198 893 talia.

200 926 389 1002 febricitabit,
404 924 516 983 cibaria
529 943 588 982 non
603 924 745 1000 conficiet,
758 924 913 984 testiculus
927 924 1029 982 dexter
1044 925 1072 982 ei
1086 922 1200 982 tumebit

201 1018 231 1074 et
256 1016 346 1073 durus
377 1013 441 1071 erit.
483 1014 525 1072 sic
554 1033 622 1071 eum
651 1017 762 1072 curato.
807 1014 978 1090 fenugraeci
1001 1013 1090 1072 ciatis
1115 1013 1201 1070 illel

199 1104 231 1161 in
255 1103 315 1161 olla
343 1102 432 1162 addes
458 1120 552 1176 cquae
578 1103 717 1175 fontanae
739 1104 882 1161 sextarios
907 1102 954 1160 ΙΠ
979 1104 1010 1158 εὴ
1039 1120 1150 1177 coques
1173 1100 1230 1158 adu,

199 1193 321 1250 tertiam
343 1193 459 1266 partem
482 1193 513 1248 et
535 1211 571 1249 ex
594 1209 627 1248 eo
651 1191 801 1266 potionem
825 1191 903 1250 dato.
949 1209 1055 1249 sanum
1078 1191 1141 1251 fiet.

124 1287 180 1344 417
268 1279 321 1337 LV
341 1279 372 1337 Si
392 1280 470 1355 quod
488 1279 652 1337 iumentum
675 1280 757 1338 iocur
780 1279 881 1355 aliqua
904 1279 1041 1354 doluerit,
1065 1299 1130 1338 non
1150 1287 1202 1354 pot·

200 1369 257 1427 erit
285 1387 389 1428 sanum
423 1387 493 1428 esse.
539 1368 668 1427 difficilis
697 1371 775 1427 enim
803 1387 874 1427 curo
902 1371 953 1428 est.
1000 1368 1026 1426 si
1054 1371 1161 1427 tamen
1184 1368 1203 1424 ei

200 1477 271 1516 cuna
300 1456 434 1515 adhibita
462 1457 566 1532 fuerit,
595 1457 670 1516 turis
693 1457 714 1521 5
738 1458 768 1515 ·Ι·
799 1458 925 1516 conteris
954 1456 1028 1514 bene
1060 1460 1092 1515 et
1127 1458 1202 1516 addes

199 1546 261 1606 vini
292 1547 370 1621 quod
395 1546 483 1620 satis,
517 1549 546 1604 εὴ
569 1545 638 1603 inde
663 1549 761 1604 totum
785 1564 891 1622 corpus
916 1546 1088 1621 perticato.
1144 1548 1228 1604 benet

200 1635 314 1710 operito
336 1635 501 1693 iumentum
529 1635 767 1710 cooperimentis
794 1638 829 1693 nt
854 1634 979 1694 insudet.
1026 1635 1052 1692 si
1082 1637 1203 1704 sudabit,

202 1724 347 1801 intelligis
371 1744 437 1781 eum
459 1741 544 1798 posse
567 1723 783 1798 parastaticari.

127 1818 183 1875 418
269 1812 339 1871 LVI
360 1813 405 1870 De
428 1813 540 1871 ventris
562 1812 722 1872 inflatione.
761 1813 786 1872 si
810 1813 888 1887 quod
909 1811 1077 1870 iumentum
1099 1813 1205 1872 ventris

198 1902 382 1960 inflationem
405 1902 453 1959 vel
476 1900 608 1959 dolorem
629 1901 779 1976 habuerit,
810 1902 896 1978 signa
919 1903 1005 1958 erunt
1033 1901 1122 1962 haec.
1170 1921 1206 1962 su-

199 1990 272 2048 dant
302 1990 328 2048 ei
359 1993 389 2048 et
417 1991 513 2048 latera
544 1993 574 2048 εὴ
603 1990 748 2066 scapulae.
791 2009 850 2048 non
885 1990 982 2049 minus
1011 1989 1078 2064 ipse
1109 1996 1229 2050 vent-ero

198 2082 299 2138 tensus
323 2081 376 2153 est,
400 2081 430 2136 et
452 2079 625 2137 sudantibus
648 2079 782 2154 testibus,
806 2078 928 2138 alternis
951 2077 1077 2153 pedibus
1101 2083 1206 2139 tenen

198 2167 284 2244 batit,
308 2169 338 2224 et
360 2166 482 2226 subinde
505 2168 536 2225 in
560 2168 686 2226 alteram
708 2171 824 2244 partem
847 2167 977 2243 corporis
1003 2186 1034 2226 se
1059 2173 1165 2228 vertet
1184 2176 1206 2226 et

199 2258 290 2331 caput
317 2255 355 2313 ad
383 2255 437 2313 ilia
461 2275 514 2314 sua
536 2259 645 2331 vertet,
675 2259 820 2332 tanquam
849 2257 901 2331 qui
931 2255 1070 2314 ostendat
1101 2257 1205 2316 doloris

200 2345 246 2403 sui
272 2345 383 2418 locum,
411 2347 441 2402 ct
463 2347 573 2420 gemet,
604 2345 776 2420 plerumque
809 2349 919 2404 tremor
951 2344 1042 2403 totius
1078 2347 1207 2423 corporis

199 2433 264 2493 erit.
302 2433 417 2492 curabis
441 2453 508 2491 eum
531 2433 580 2492 sic.
616 2434 699 2493 iubes
723 2454 790 2492 eum
813 2433 964 2491 ambulare
982 2435 1230 2508 perminutatiue

200 2525 230 2580 et
256 2540 377 2580 manum
406 2523 527 2580 unctam
555 2522 700 2580 inanum
726 2523 821 2582 mittis
851 2525 882 2580 et
911 2525 1040 2581 stercora
1071 2526 1208 2598 excutite,

199 2611 303 2669 deinde
327 2611 419 2670 salem
442 2614 472 2668 et
498 2610 558 2668 mel
580 2611 611 2668 in
637 2611 702 2686 ipso
732 2611 876 2670 foramine
904 2611 1027 2670 stentini
1053 2610 1208 2687 inmittite,

122 2704 180 2762 419
198 2705 232 2759 eet
261 2700 340 2758 idem
375 2699 476 2758 faciat.
527 2700 551 2759 si
580 2700 674 2759 hiems
706 2700 809 2776 fuerit,
842 2700 907 2758 oleo
940 2703 969 2757 et
997 2699 1063 2774 pice
1096 2702 1208 2778 liquida

75 2797 175 2857 1291a
198 2788 313 2848 lumbos
341 2783 344 2866 l
379 2792 409 2847 et
439 2788 586 2848 auriculas
616 2789 772 2848 setinabis.
817 2789 937 2864 potione
966 2788 1022 2846 hac
1055 2789 1086 2847 ei
1120 2792 1207 2849 dabis.

197 2879 315 2936 launum
337 2877 462 2936 viridem
486 2880 538 2935 aut
559 2877 665 2937 baccas
688 2878 774 2952 lauri,
797 2877 890 2953 piper,
914 2877 1066 2936 cuminum
1080 2879 1233 2938 Alexan-tt

198 2967 330 3042 dninum,
367 2966 573 3042 petroselium,
611 2967 733 3026 feniculi
769 2986 883 3041 semen,
927 2965 1003 3044 argii
1040 2985 1148 3026 semen
1183 2971 1209 3026 et

197 3055 328 3132 nitrium,
348 3055 503 3114 contundis
521 3055 553 3113 in
571 3075 663 3114 unum
681 3059 712 3114 et
730 3054 905 3115 cribellabis.
945 3076 981 3113 ex
999 3074 1033 3112 eo
1052 3059 1210 3131 pastillum

269 3229 282 3276 1
310 3222 409 3277 effudit
433 3226 442 3292 ll
471 3229 487 3277 3
512 3223 606 3278 vivere
626 3227 634 3294 ΙΙ
654 3231 671 3278 4
694 3227 727 3278 ut
755 3227 765 3294 t
797 3229 811 3277 7
847 3224 908 3294 ch.
944 3223 971 3278 V
990 3227 1066 3290 57,2
1092 3227 1096 3295 Ι
1129 3227 1156 3280 si
1174 3229 1209 3280 B:

197 3293 247 3347 sed
269 3295 279 3362 ll
309 3299 342 3347 10
376 3310 465 3362 aquae
490 3294 624 3348 fontanae
645 3289 734 3364 suppl.
765 3295 827 3366 ch.
850 3297 860 3364 ΙΙ
890 3300 922 3348 13
949 3311 1013 3348 cure
1040 3298 1049 3364 ll
1083 3303 1117 3351 16
1152 3300 1209 3368 ch.

201 3365 228 3417 V
244 3368 281 3418 57
298 3366 345 3431 pte.
374 3367 384 3434 ΙΙ
412 3371 444 3419 18
467 3366 529 3436 ch.
554 3366 629 3420 V58
655 3369 664 3436 ΙΙ
692 3373 725 3420 23
748 3382 779 3420 os
802 3366 905 3420 tondat
930 3368 939 3436 ll
967 3371 1000 3420 28
1020 3370 1052 3420 nt
1071 3367 1155 3422 idem
1174 3371 1210 3422 B:

197 3433 312 3556 1ῗίιίῗὲεὴ
333 3436 384 3502 siu
412 3437 445 3489 ut
473 3436 631 3491 adeellandi
656 3441 760 3508 augeat
784 3437 948 3492 facultatem
977 3437 1039 3508 ch.
1069 3441 1079 3508 ΙΙ
1107 3446 1146 3494 32
1165 3458 1209 3511 pe-

198 3521 210 3555 s
