2512 3906
197 173 240 236 56
384 169 665 226 MULOMEDICINA
684 169 853 226 CHIRONIS
873 175 1012 224 181—183
1082 179 1087 182 ·

197 341 272 398 quos
302 323 344 381 sic
367 323 463 381 curari
487 325 612 398 oportet,
656 322 726 380 huic
756 321 931 398 sanguinem
959 321 1116 379 detrahere
1142 339 1189 377 non

198 413 317 486 oportet
339 412 371 470 in
393 412 567 489 novissimo,
598 412 703 469 sedin
725 411 813 469 initio
836 410 999 485 deplendus
1027 410 1092 469 crit.
1136 427 1189 467 con·

122 500 178 555 181
198 501 291 577 tingit
314 501 392 558 enim
416 519 465 558 eos
489 500 616 559 eviriari.
653 500 722 557 illas
746 500 825 558 enim
848 499 1018 574 eruptiones
1040 501 1071 556 et
1089 501 1189 574 partem

197 589 350 666 sanguinis
378 591 408 648 et
439 609 493 664 per
520 589 633 648 saniem
660 588 821 648 evomendo
850 588 996 647 auferunt.
1043 605 1117 663 quas
1142 586 1189 644 col-

196 679 339 737 lectiones
357 679 488 737 cauterio
507 679 598 736 etiam
617 677 730 753 ciprino
750 677 888 736 candenti
907 695 1059 752 erumpere
1079 678 1188 751 oportet
1207 684 1215 723 5

197 786 273 842 quae
287 768 412 827 vulnera
426 768 491 842 pice
509 766 625 842 liquida
639 785 705 824 cum
721 766 785 825 oleo
806 767 837 824 et
855 766 942 823 melle
956 766 1049 824 mixto
1064 767 1189 824 curantr

196 857 367 931 potionibus
390 855 542 914 catarticis
564 855 612 914 vel
635 855 723 912 nimis
747 854 951 913 amarioribus.
988 873 1063 929 quos
1087 854 1190 929 oportet

197 945 250 1003 sub
274 945 342 1004 divo
366 945 397 1002 in
421 962 492 1021 agro
517 943 676 1018 dimittere,
698 946 733 1001 ut
756 944 848 1002 solem
871 946 902 1002 et
925 961 1028 1002 auram
1050 943 1190 1017 patiantur

197 1036 228 1091 et
250 1033 430 1092 ambulando
453 1051 507 1108 per
529 1036 662 1107 tempore
684 1032 820 1090 morbum
843 1032 992 1108 digerant,
1016 1033 1087 1090 dum
1108 1031 1190 1090 varie-

195 1125 290 1180 tatem
316 1121 475 1180 herbarum
501 1140 556 1196 per
582 1139 667 1179 suam
692 1122 881 1181 voluntatem
911 1121 958 1178 illi
984 1121 1087 1180 morbo
1118 1138 1189 1194 repu·
1200 1127 1230 1166 1⁰¹

196 1214 323 1288 gnantes
341 1214 474 1284 pascunt.
512 1229 603 1285 quare
621 1211 717 1286 magis
736 1210 918 1285 praecipitur
937 1227 1037 1269 omnes
1055 1209 1190 1268 morbidos
1229 1233 1230 1266 1

197 1318 270 1376 agro
292 1299 433 1373 proicere.
480 1298 624 1374 quidquid
648 1299 726 1356 enim
749 1319 785 1357 ex
806 1317 906 1358 umore
928 1299 1106 1375 concipitur,
1132 1295 1190 1356 solis
1229 1349 1230 1354 ,

196 1387 338 1446 beneficio
370 1388 527 1462 minuitur,
559 1387 608 1447 vel
640 1388 785 1463 quidquid
817 1387 924 1446 caloris
954 1387 1097 1446 beneficio
1123 1387 1190 1444 intra
1229 1441 1230 1444 ,

196 1495 304 1551 corpus
328 1479 502 1551 conceptum
524 1477 624 1553 fuerit,
647 1477 745 1553 rigore
767 1475 977 1534 remediantur.

119 1563 176 1620 182
264 1567 353 1639 atque
362 1566 436 1624 haec
446 1583 468 1624 s.
479 1584 501 1623 s
511 1565 596 1642 signa
605 1565 740 1624 morbum
749 1565 861 1625 maleos
870 1565 902 1622 in
912 1565 1083 1639 corporibus
1092 1564 1190 1622 iumen-
1200 1567 1230 1622 1⁵,

66 1654 175 1712 115Va
198 1655 296 1712 torum
310 1655 477 1732 intelligere
493 1654 624 1728 obscura,
639 1656 670 1712 et
683 1654 812 1712 difficilis
826 1654 904 1713 ratio
918 1645 1115 1735 intellligendi
1129 1652 1191 1727 aput

194 1743 355 1818 prudentes
374 1743 567 1802 veterinarios
581 1743 738 1803 invenitur.
771 1743 874 1800 multis
889 1743 968 1802 enim
982 1743 1135 1820 generibus
1152 1740 1191 1797 hic
1229 1795 1230 1800 ,

194 1832 314 1890 morbus
327 1832 359 1889 in
374 1831 547 1907 corporibus
561 1831 649 1890 aliter
659 1831 783 1891 obscura
797 1832 883 1908 signa
892 1832 1084 1890 demonstrat.
1111 1847 1190 1906 quare

194 1939 312 1980 necesse
335 1920 508 1978 habebimus
535 1921 610 1978 nihil
637 1921 849 1995 intermittere,
882 1920 933 1979 sed
961 1920 1061 1980 omnia
1087 1917 1190 1995 plenius
1229 1975 1230 1978 ,

196 2008 404 2068 demonstrare.
460 2010 501 2068 sic
538 2009 617 2067 enim
657 2009 853 2086 intelligimus
889 2009 1001 2066 animal
1036 2007 1230 2068 morbidant

195 2115 267 2156 esse.
312 2097 444 2156 iumento
468 2097 643 2173 priusquam
666 2097 768 2172 aliqua
792 2099 877 2174 signa
900 2097 1059 2156 manifesta
1086 2097 1117 2154 in
1138 2114 1190 2154 cor·
1229 2153 1230 2156 ,

195 2185 316 2260 poribus
339 2186 494 2262 prodeant,
517 2187 633 2245 tristem
657 2189 810 2261 aspectum
833 2186 949 2245 adferet
971 2189 1002 2245 et
1024 2187 1121 2245 cibum
1141 2202 1191 2242 non
1229 2219 1230 2242 r

196 2276 259 2332 tam
277 2274 405 2333 libenter
423 2279 519 2334 sumet
536 2293 590 2334 nec
608 2278 719 2350 potum.
749 2277 779 2334 et
797 2276 880 2334 nulla
899 2275 959 2333 alia
978 2275 1065 2351 signa
1079 2273 1191 2332 alicuius
1229 2301 1230 2335 r

120 2363 176 2418 183
196 2363 370 2422 valitudinis
407 2365 607 2439 demonstrat,
644 2367 788 2439 tanquam
824 2382 921 2422 sanus
980 2365 1045 2423 toto
1082 2378 1190 2437 corpore
1229 2385 1230 2432 l

195 2451 314 2510 laborat
337 2453 471 2528 interim,
501 2453 593 2510 tussit
615 2471 717 2528 aspere
751 2455 780 2511 et
813 2455 1003 2530 emagrescet.
1053 2471 1088 2510 ex
1118 2443 1230 2509 nullam

196 2541 353 2618 diligentia
377 2560 463 2600 curae
493 2541 610 2616 proficit
639 2544 670 2599 et
691 2542 788 2620 magis
815 2541 945 2600 deterior
966 2541 1008 2600 fit.
1054 2541 1148 2599 cibum
1168 2539 1192 2594 et

194 2633 300 2705 potum
323 2630 494 2689 cottidianis
517 2625 621 2688 diebus
645 2649 704 2688 non
727 2634 857 2707 recusat,
884 2631 916 2688 in
939 2649 1061 2705 corpore
1084 2630 1191 2688 demon-

194 2721 289 2776 strare
318 2720 394 2778 solet
425 2719 531 2778 tubera
561 2719 595 2777 in
625 2719 769 2778 lateribus
796 2719 845 2778 vel
872 2719 904 2777 in
936 2718 1069 2777 cruribus
1095 2717 1140 2777 vel
1166 2715 1191 2771 in

194 2808 320 2866 testibus
344 2808 450 2866 autin
473 2808 585 2867 cervice
610 2808 780 2883 durissima,
809 2811 954 2883 tanquam
976 2807 1190 2866 traconationes.

195 2896 301 2971 quibus
318 2896 470 2955 tuberibus
486 2897 569 2955 nulla
584 2915 616 2956 rc
632 2895 782 2956 subveniri
798 2899 906 2972 potest.
938 2897 1006 2954 aliis
1020 2915 1090 2956 vero
1104 2897 1218 2954 umora

193 2985 226 3042 in
257 2988 376 3061 pectore
404 2986 452 3044 vel
484 2985 515 3042 in
547 2985 688 3044 musculis
718 2985 911 3062 inguinorum
937 2985 986 3044 vel
1016 2985 1049 3042 in
1080 2982 1190 3062 genibus

194 3077 225 3131 et
255 3075 286 3131 in
317 3074 449 3133 cunibus
480 3074 639 3134 invenitur.
686 3074 737 3149 qui
768 3077 868 3132 tumor
898 3092 1090 3148 perseverare
1118 3071 1190 3130 solet.

267 3246 281 3295 1
301 3243 472 3312 Veq.114,2
485 3245 494 3312 t
508 3249 524 3296 3
539 3259 572 3297 eo
587 3241 719 3296 severiori
733 3245 742 3312 ΙΙ
756 3249 839 3310 tque
853 3245 862 3312 t
877 3248 891 3295 ‘1
908 3243 970 3313 ch.
980 3245 1003 3296 I
1008 3247 1081 3310 14,6
1094 3244 1103 3312 ΙΙ
1116 3246 1147 3295 10
1155 3253 1189 3291 re·

193 3316 371 3382 pungnantes
384 3316 393 3383 t
408 3320 440 3367 11
460 3315 571 3368 morbos
588 3316 598 3383 ΙΙ
617 3319 650 3366 12
674 3330 772 3369 avara:
792 3315 898 3368 correct
915 3316 950 3381 cf.
969 3315 1136 3381 infru188;
1159 3324 1191 3362 aa

191 3391 315 3451 praestat
338 3400 445 3454 amara,
465 3386 499 3452 cf.
524 3384 598 3440 190?
623 3401 693 3438 aura
711 3385 739 3436 B
757 3385 767 3456 t
788 3390 821 3438 18
841 3385 938 3440 aliter:
967 3384 1131 3438 animalium
1147 3377 1191 3447 bl

194 3459 227 3506 29
249 3454 478 3523 tragonaciones:
494 3481 528 3500 =
542 3454 769 3525 occallescentia,
795 3474 813 3510 a
830 3454 972 3526 τράγανον
990 3457 1010 3510 i.
1029 3474 1051 3511 c.
1072 3455 1192 3520 cantura

194 3525 223 3577 B
237 3527 246 3594 ΙΙ
260 3530 294 3578 30
312 3541 355 3578 res
370 3527 425 3594 1131
446 3525 606 3594 iguinornm
