2512 3906
180 136 200 199 8
386 133 669 189 MULOMEDICINA
687 131 857 188 omacius
878 139 981 187 13-16

119 287 160 344 13
247 305 315 345 curn
337 285 473 368 venerint
496 284 534 343 ad
552 286 666 344 certum
684 283 805 342 modum
826 282 963 358 cibariae,
985 284 1042 342 hoc
1061 285 1106 342 est
1122 286 1190 359 post

179 375 242 434 dies
265 393 388 433 numero
412 373 551 450 quinque,
574 372 722 449 paulatim
743 391 917 448 promovere
940 372 1112 431 cottidianis
1131 373 1189 431 die

178 465 235 523 bus
260 483 314 539 per
335 463 398 522 dies
422 463 560 521 similitor
582 480 705 520 numero
729 461 874 537 quinque,
900 460 945 519 ita
967 463 1004 520 at
1026 461 1189 520 adiectione

183 549 262 629 [per]
284 552 403 629 singula
420 548 508 628 [dies]
525 551 610 609 milia
627 568 732 627 passus
752 550 889 608 similiter
906 569 959 626 per
977 549 1110 627 singulos
1129 551 1190 609 dies
1247 611 1248 614 ,

179 641 281 700 itineri
300 641 534 717 promovendum
551 639 654 715 facias
676 659 713 698 ne
732 638 876 698 subitatio
894 639 977 716 longi
993 638 1109 698 itineris
1128 659 1189 699 cor·
1211 648 1221 689 ⁵

179 749 256 806 pore
283 749 385 789 eorum
414 729 623 788 incommodat.
669 730 738 804 post
768 729 845 787 hano
875 747 945 805 ergo
975 729 1191 803 promotionem

181 818 349 880 lavabimus
381 837 431 878 eos
461 819 500 876 ad
531 836 621 875 mare.
677 817 836 894 diligenter
868 816 1036 876 curabimus
1068 819 1191 895 tergere,

179 929 218 968 ne
242 907 345 984 aliqua
367 925 437 982 pars
466 905 598 965 humoris
623 905 845 981 perfrictionem
875 906 917 964 eis
947 905 1065 964 inferat.
1110 925 1190 964 mero

181 1000 213 1057 et
235 997 300 1056 oleo
324 993 487 1072 perungere
516 996 546 1053 et
568 994 728 1070 perfricare
761 1013 810 1053 eos
843 996 969 1070 oportet,
1001 997 1035 1053 ut
1067 1013 1191 1070 corpora
1248 1031 1249 1036 κ

181 1105 283 1146 eorum
310 1084 513 1143 thermasiam
548 1101 638 1158 passa
675 1102 693 1142 a
729 1083 920 1158 perfrictione
956 1083 1190 1143 corroborentur.
1203 1093 1223 1132 1⁰
1248 1118 1249 1122 =

124 1173 165 1230 14
182 1178 252 1251 post
273 1174 351 1232 hanc
378 1172 650 1232 corroborationem
676 1174 745 1247 post
772 1172 835 1231 dies
862 1172 938 1230 alios
965 1172 1065 1231 decem
1094 1173 1192 1232 cursui

181 1267 212 1323 et
233 1261 330 1320 labori
353 1261 588 1320 committuntur.
635 1260 842 1337 quadrigarios
865 1279 956 1336 equos
979 1262 1080 1320 tamen
1103 1280 1122 1320 a
1146 1262 1191 1320 die

181 1349 410 1426 dispumationis
437 1369 600 1425 numquam
626 1348 725 1409 minus
753 1368 843 1425 quam
865 1349 932 1408 XL⁰
960 1349 1007 1408 die
1036 1350 1135 1409 cursui
1164 1353 1192 1409 et

179 1439 277 1499 labori
296 1439 525 1498 committamus,
1249 1503 1250 1511 ἵ

247 1530 392 1588 castratos
403 1531 503 1587 autem
512 1546 675 1602 numquam
685 1526 802 1602 deplere
815 1523 954 1586 debemus
962 1527 1062 1586 herba.
1090 1525 1193 1603 [causa
1205 1533 1225 1574 1⁵
1249 1595 1250 1598 Ἴ

179 1617 254 1677 haec
269 1619 314 1676 est
326 1616 509 1695 legittimum
521 1613 654 1692 mittere]
671 1615 820 1694 contingit
834 1615 912 1674 enim
926 1616 968 1674 eis
983 1616 1108 1675 eoiriari.
1137 1617 1192 1676 hoc

180 1707 260 1766 enim
284 1709 419 1765 auctores
441 1704 641 1781 praecipiunt,
667 1705 747 1779 quod
770 1708 800 1763 et
822 1723 876 1763 nos
898 1704 1001 1780 utique
1024 1705 1192 1783 intelligere

181 1795 330 1872 debemus,
352 1795 414 1852 iam
432 1793 511 1853 enim
529 1795 646 1870 partem
664 1793 773 1853 virium
792 1813 858 1852 cum
876 1793 1002 1853 testibus
1021 1794 1192 1853 amiserunt

123 1884 164 1940 15
251 1883 388 1942 similiter
411 1886 441 1942 et
464 1883 547 1942 asino
571 1882 693 1960 sanguis
716 1881 833 1941 detrahi
855 1901 1018 1958 numquam
1046 1882 1134 1942 debet
1159 1884 1193 1941 de
1250 1953 1251 1958 ἵ

181 1973 314 2032 matrIce.
366 1974 411 2031 est
434 1972 513 2030 enim
544 1989 651 2046 corpus
681 1969 813 2029 inhabile
846 1974 877 2030 et
908 1972 1014 2049 exiguo
1047 1973 1191 2049 sanguine
1206 1979 1227 2020 ²⁰

180 2065 278 2120 natus.
324 2061 401 2118 unde
430 2063 461 2118 et
487 2061 543 2118 hoc
574 2059 686 2118 animal
717 2059 815 2119 minus
846 2059 929 2118 bibet
960 2061 991 2118 et
1017 2079 1077 2119 non
1104 2061 1193 2120 facile
1250 2103 1251 2108 η

184 2151 251 2210 sitit
272 2169 326 2225 per
348 2149 550 2227 gracilitatem
572 2167 722 2207 venarum.

61 2241 166 2301 105¹b
252 2237 391 2297 similiter
408 2240 439 2296 et
457 2238 488 2295 in
507 2256 598 2312 equos
618 2236 623 2311 Ι
644 2237 834 2296 admissarios
853 2237 1083 2312 observabimus
1106 2257 1145 2296 ne
1163 2238 1194 2297 in

180 2327 319 2405 legitima
333 2325 500 2384 mittantur.
537 2328 638 2402 partes
653 2326 731 2384 enim
745 2326 854 2385 virium
868 2326 1022 2404 sanguinis
1035 2326 1067 2383 in
1081 2326 1194 2385 coitum

181 2417 329 2493 digerunt.
362 2415 414 2474 sed
432 2415 457 2474 si
470 2418 572 2474 tamen
590 2415 628 2474 ab
643 2415 808 2474 admissura
821 2417 1009 2490 dcsiaacrint,
1027 2414 1086 2473 nisi
1100 2417 1193 2490 quod·
1207 2424 1228 2464 2⁵

183 2505 263 2581 quod
277 2505 363 2564 annis
372 2504 548 2580 depleantur
560 2504 719 2562 herbarum
730 2506 872 2579 tempore,
886 2504 925 2562 ad
939 2503 1114 2563 caecitatem
1127 2524 1194 2580 per-

181 2594 310 2655 venient.
355 2593 411 2651 ilia
433 2593 513 2652 enim
534 2593 627 2669 furia,
655 2611 745 2668 quam
768 2596 984 2652 consueverunt
1005 2612 1059 2668 per
1080 2593 1194 2652 coitum

182 2683 325 2762 digerere,
348 2682 380 2740 in
403 2682 496 2742 oculis
519 2700 620 2741 eorum
643 2681 790 2740 redundat
813 2683 843 2740 et
866 2681 908 2740 sie
930 2680 1010 2740 caeci
1033 2681 1117 2740 liunt.

125 2776 165 2831 16
251 2772 282 2829 Π
312 2771 433 2830 Plenius
465 2772 542 2829 hanc
577 2770 725 2830 rationem
761 2770 865 2829 docere
902 2771 1033 2846 oportet:
1069 2773 1195 2846 propter

182 2860 390 2936 compendium
416 2859 543 2937 legentis
571 2858 786 2934 demonstrare,
819 2877 952 2935 quaeque
980 2858 1116 2918 valitudo
1146 2861 1194 2919 vel
1207 2868 1230 2909 ³⁰

254 3001 269 3049 2
287 3009 451 3065 promovere
465 3020 499 3039 =
515 2995 678 3063 promoveto
701 2995 711 3063 i
738 2999 754 3046 3
773 2994 805 3047 ut
822 2993 864 3048 132
883 2992 921 3048 sit
947 2995 956 3064 ΙΙ
983 2998 1001 3046 4
1019 3009 1069 3061 per
1088 2998 1114 3047 el
1133 2992 1194 3047 dies

182 3067 233 3121 del.
243 3067 272 3120 B
285 3072 425 3134 amquam
442 3065 656 3136 dittograpta'cm
669 3066 678 3134 ΙΙ
692 3070 708 3118 5
722 3079 917 3134 corporeorum
930 3066 940 3134 ΙΙ
954 3069 969 3118 ‘1
989 3062 1063 3136 (et)
1081 3066 1194 3134 tergere

186 3138 226 3193 W
239 3138 250 3206 ΙΙ
264 3142 297 3190 15
317 3137 379 3207 Veq.
393 3137 415 3190 I
423 3139 461 3191 23
477 3135 585 3261 qherba
598 3162 632 3182 =
650 3137 766 3205 propter
788 3134 953 3205 spurcitiam
970 3134 1075 3188 herbae
1095 3139 1196 3204 (supra

179 3225 210 3277 p.
226 3211 310 3275 7,22)
324 3209 366 3262 cel
380 3234 413 3253 =
426 3207 477 3262 her
497 3223 577 3261 arum
593 3208 718 3276 tempore
738 3207 828 3274 (infre
847 3207 1038 3276 l.26)11153q.
1059 3221 1145 3260 caum
1160 3239 1196 3248 -

182 3277 294 3332 mittere
312 3279 410 3347 specio
428 3280 462 3345 cf.
479 3279 495 3332 l.
509 3282 560 3346 233
579 3277 711 3331 librariae
728 3277 786 3346 ipae
800 3277 907 3332 luceolis
920 3277 1055 3346 miratu
1071 3281 1103 3330 16
1123 3275 1150 3332 ei
1165 3293 1195 3332 ae

182 3347 295 3404 iuriari:
314 3349 441 3403 enervari
464 3350 526 3420 Veg.
553 3351 564 3418 ΙΙ
591 3354 625 3402 23
643 3345 810 3402 admiraries
837 3350 847 3418 ΙΙ
874 3354 908 3402 25
927 3347 1032 3402 amissa
1049 3347 1132 3401 radix
1150 3347 1195 3402 in-

182 3419 303 3544 vgnerit:
328 3437 396 3475 corr.
414 3420 454 3475 W
470 3422 479 3490 ΙΙ
502 3426 535 3474 27
554 3418 626 3473 furie
639 3420 649 3489 ΙΙ
663 3424 696 3472 29
720 3419 782 3490 ch.
801 3419 823 3472 I
836 3423 874 3474 25
889 3419 894 3492 Ι
910 3420 1021 3489 opertet
1039 3417 1113 3492 (et)
1136 3420 1197 3492 Wll

182 3497 201 3546 3
237 3506 349 3560 quaque
