2474 3910
200 191 265 256 258
387 189 668 246 MULOMEDIOINA
687 189 857 247 CHIRONIS
876 196 1018 246 847-850

200 361 267 402 cum
289 342 387 418 pondo
406 363 507 418 unum,
530 360 600 418 sepo
618 341 698 400 tauri
716 341 815 416 pondo
834 362 934 418 unum,
958 341 1012 400 flos
1032 339 1192 416 similaginis

200 431 361 492 sextarium
383 451 483 489 unum.
528 431 602 490 haec
625 431 726 489 omnia
748 431 918 490 commisces
948 433 978 489 et
1005 429 1192 489 articularium

200 540 235 578 ex
258 539 292 579 eo
314 538 469 597 perunges.
550 547 552 553 ·

265 609 366 668 unctio
399 609 438 667 ad
469 627 567 667 armos
598 607 718 667 inflatos
746 626 822 683 equo
851 609 882 666 et
909 607 948 665 ad
976 626 1070 667 renes.
1115 605 1194 664 sulfur
1231 673 1232 681 χ

198 698 301 758 vivum
327 697 425 774 pondo
452 696 543 772 libra,
576 697 652 756 secla
684 697 782 772 pondo
814 694 905 770 libra,
935 697 1034 755 thuris
1065 695 1155 772 pondo
1174 693 1194 766 l,
1212 711 1232 770 ⁵,

199 787 327 846 adarcen
350 786 448 862 pondo
471 787 514 862 Π,
541 787 603 846 vini
625 785 735 844 veteris
758 798 799 844 ss
821 784 865 862 Π,
892 784 951 843 olei
977 785 1089 844 laurini
1110 783 1193 861 pondo
1231 785 1232 859 J

198 875 288 951 libra,
317 875 375 934 olei
404 873 516 951 Ciprini
546 873 644 951 pondo
667 875 691 933 I.
733 894 768 932 ex
796 873 940 951 sanguine
972 875 1099 932 iumenti
1129 871 1195 948 quod
1231 929 1232 948 ἶ

199 965 272 1024 satis
297 966 341 1024 est
360 964 460 1022 omnia
478 967 546 1022 tusa
565 966 595 1021 et
613 963 769 1022 cribellata
788 963 967 1022 commisces.
1006 982 1042 1021 cx
1062 981 1097 1021 eo
1109 961 1195 1019 utens

122 1050 179 1108 847
266 1054 367 1112 unctio
391 1053 430 1111 ad
452 1053 636 1129 suffragines.
682 1051 832 1128 aeruginis
854 1051 954 1127 pondo
976 1051 1070 1127 libra,
1093 1051 1195 1110 alumen

198 1141 297 1218 pondo
307 1141 344 1216 V,
357 1141 449 1200 herba
462 1141 591 1200 sideritis
606 1141 705 1216 pondo
719 1141 744 1216 Ι,
758 1142 875 1199 acetum
892 1159 993 1198 acrum
1012 1159 1068 1216 pro
1082 1139 1222 1198 modnmu

266 1231 366 1290 unctio
390 1230 429 1289 ad
454 1230 578 1308 uliginis
604 1230 812 1288 iumentorum.
858 1229 954 1288 sulfur
975 1229 1081 1288 vivum
1106 1229 1195 1286 triam

199 1339 235 1377 ex
256 1322 339 1378 aceto
363 1323 474 1378 oronim
495 1319 638 1377 mortario
662 1318 825 1378 subactum.
867 1337 903 1376 ex
926 1336 959 1376 eo
981 1317 1119 1392 induces,
1141 1320 1194 1375 ante

197 1410 299 1465 tamen
321 1411 415 1467 tertas
438 1408 612 1485 suffragines
635 1406 708 1466 bene
733 1407 839 1466 cilicio.
874 1407 954 1465 idem
975 1406 1052 1466 facit
1071 1393 1194 1483 alumenl

62 1495 175 1554 151'1)
199 1497 322 1556 scissum
345 1515 367 1576 p
390 1497 480 1571 libra,
508 1514 646 1556 aerucam
668 1496 733 1574 pl,
761 1495 838 1554 aeris
860 1494 914 1553 flos
936 1495 1019 1574 pss,
1048 1495 1146 1554 sulfur
1165 1493 1195 1552 vi·

198 1606 269 1646 vum
291 1604 322 1664 p.
336 1585 360 1660 Ι,
383 1587 506 1644 nitriam
528 1586 597 1664 pl,
621 1585 834 1662 auripigmenti
856 1585 968 1642 ciatim
988 1583 1014 1642 I.
1204 1597 1221 1637 a

119 1672 179 1729 848
265 1674 366 1733 unctio
390 1675 428 1733 ad
450 1674 586 1752 uligines.
631 1674 700 1732 thus
722 1673 887 1732 masculum
914 1673 987 1731 bene
1011 1673 1157 1731 cernitum
1175 1673 1195 1728 el

198 1783 265 1823 cum
294 1782 363 1822 rosa
387 1762 538 1838 Campana
570 1763 734 1821 admixtum
758 1780 795 1820 ex
819 1761 883 1820 cleo
907 1764 938 1819 et
960 1764 1045 1820 aceto
1071 1765 1102 1820 et
1123 1759 1194 1820 mele
1231 1810 1232 1814 ,

198 1871 319 1929 coques,
351 1852 424 1910 bene
448 1852 589 1929 depones,
622 1851 754 1910 butirum
784 1849 939 1927 caprinum
964 1850 1093 1914 adicito.
1142 1848 1194 1908 inde

197 1944 280 2000 utere
304 1944 449 2016 tanquam
471 1944 610 2001 cerotum.

263 2030 364 2088 unctio
401 2029 439 2088 ad
470 2030 606 2107 uligines.
657 2047 707 2088 ces
739 2023 915 2103 ustum[es]‚
943 2045 1051 2103 spuma
1084 2024 1221 2104 argentia

198 2119 275 2177 aeris
298 2117 362 2193 flos,
385 2119 637 2195 auripigmentum
659 2137 695 2175 ex
717 2119 800 2176 aceto
825 2117 995 2176 commisces
1020 2118 1051 2174 et
1074 2119 1160 2174 utere.

121 2204 178 2262 849
264 2208 364 2265 unctio
379 2206 417 2265 ad
436 2226 551 2265 armum
569 2207 712 2266 luxatum.
740 2204 954 2280 rumicis5HI,
976 2200 1193 2274 cocodrillidll,
1231 2195 1232 2274 J

196 2296 340 2354 nasturcii
362 2297 382 2360 5
405 2295 476 2371 ΠΠ,
499 2295 676 2355 ammoniaci
694 2295 746 2373 pl
764 2308 796 2374 ς,
819 2295 906 2370 ysopi
924 2293 1005 2372 pfl,
1029 2312 1114 2352 cerae
1135 2310 1193 2368 pon·
1231 2287 1232 2290 ’

196 2384 250 2444 dus
274 2398 314 2463 ς,
343 2384 440 2444 mellis
469 2384 568 2460 pondo
590 2384 614 2442 I.
659 2384 732 2442 haec
765 2384 865 2442 omnia
897 2402 933 2441 ex
962 2384 1047 2441 aceto
1082 2385 1112 2441 et
1140 2379 1192 2438 oleo

195 2477 345 2532 macerato
369 2475 399 2532 et
421 2475 464 2533 sic
486 2474 652 2550 penmgito.
1201 2481 1220 2522 ὅ

263 2563 364 2622 unctio
388 2562 427 2620 ad
449 2560 557 2621 scabie.
595 2564 707 2621 stercus
730 2562 762 2619 in
786 2579 896 2636 aquam
914 2560 1035 2635 sumito,
1058 2557 1191 2635 lapidibus

196 2650 378 2710 ferventibus
401 2651 539 2710 calfacito
564 2653 594 2708 et
624 2669 660 2709 ex
689 2669 723 2709 ea
753 2668 846 2726 aqua,
878 2668 970 2724 usque
1001 2648 1075 2706 dum
1104 2663 1191 2708 smum

194 2739 257 2815 fiat,
279 2740 375 2799 linito.

262 2829 362 2888 unctio
400 2828 439 2886 ad
474 2827 611 2887 scabiem.
665 2828 808 2902 muriam,
849 2826 924 2902 mel,
961 2825 1073 2902 sulfur,
1109 2825 1191 2883 oleum

196 2915 371 2993 Gyprinum,
407 2917 504 2993 picem
539 2916 685 2991 liquidam
720 2917 752 2974 in
783 2933 842 2974 uno
875 2917 1009 2976 conteres
1042 2918 1074 2974 et
1105 2934 1137 2972 ex
1163 2923 1220 2968 eost

194 3025 348 3083 perunges.

119 3094 178 3151 sto
262 3095 364 3153 unctio
382 3094 421 3151 ad
439 3093 646 3171 podagrosum.
682 3111 786 3152 sucum
803 3093 890 3169 rusci,
909 3093 1020 3168 opium,
1043 3093 1190 3170 ungentum

194 3202 336 3259 cappam,
376 3183 432 3242 hoc
468 3185 600 3242 conteres
636 3185 782 3258 tanquam
820 3184 960 3241 cerotum.
1020 3183 1063 3241 sic
1099 3183 1190 3256 unges

194 3272 338 3331 omnibus.

267 3477 300 3524 12
320 3471 476 3542 creticumll
497 3480 529 3527 13
548 3475 636 3528 tentas
651 3501 685 3522 π
699 3476 789 3530 tersas
811 3476 869 3544 1120
887 3489 917 3528 es
936 3475 946 3544 ΙΙ
966 3478 1000 3528 32
1020 3493 1086 3530 cum
1102 3469 1190 3528 brusti:
1231 3525 1232 3532 ,

194 3556 263 3596 corr.
282 3541 324 3607 B,
341 3542 375 3606 cf.
391 3558 420 3608 p.
435 3546 550 3610 259,13
1231 3537 1232 3552 ¹
