2470 3902
212 157 493 212 MULOMEDIOINA
511 157 679 214 CHIRONIS
699 165 838 214 alo-217
988 159 1031 224 65

42 327 87 381 pro
98 309 204 366 motum
219 309 345 367 alicuius
358 309 488 368 maumas
500 308 626 368 interius
644 309 865 370 excludendum¹
897 311 1031 370 iumenta
1049 311 1108 367 215

41 397 163 454 volutant
182 397 359 470 etpedibus
382 399 562 474 exporrectis
584 399 744 456 calcitrant
765 399 797 456 id
814 399 921 475 ipsum,
945 401 1031 476 quasi

39 485 175 544 excludere
192 486 322 562 possint,
351 488 521 561 quodcum
548 487 644 564 magis
671 487 703 544 in
734 486 776 545 eis
798 489 904 546 ventus
934 490 1032 549 maior

36 575 154 632 nutritur
167 575 316 634 -omnis
331 575 409 634 enim
423 576 548 635 clicerius
561 576 696 634 humoris
709 578 807 634 motus
820 595 887 635 cum
901 579 1031 652 quadam

16 665 109 736 opunte
126 664 212 723 'venti
229 695 267 704 —
289 665 369 739 quod
394 665 490 742 magis
519 665 587 740 plns
617 665 748 742 agiauu
779 665 870 722 fuerit
900 667 1031 742 spiritns,

36 753 80 825 qui
96 771 145 827 per
163 753 395 828 duplicationem
413 754 556 812 crementi
573 754 669 830 magis
682 754 714 811 in
729 753 922 812 novissimum
935 755 1032 814 maior

34 841 69 898 fit.
101 843 155 901 hac
173 842 239 916 ipsa
261 842 378 900 ratione
395 842 530 901 iumenta
547 843 710 901 volutando
729 846 874 918 tympana
892 843 1032 902 similiter

32 929 107 987 fiunt.
151 931 231 1006 quod
259 931 367 990 vitium
396 930 518 1005 quidam
551 931 750 1007 tympanitem
783 931 928 990 dixerunt.
974 933 1031 991 hoc

33 1021 123 1076 autem
143 1019 253 1079 vitium
274 1037 329 1096 pro
348 1023 428 1079 certo
446 1020 520 1078 ilion
541 1020 680 1078 dixerumt
697 1021 735 1078 ab
754 1039 798 1095 eo,
822 1020 901 1095 quod
919 1039 1032 1096 eorum,

6 1108 76 1180 oqui
98 1108 151 1167 hoo
173 1109 282 1168 vitium
304 1109 471 1184 patiuntur,
492 1109 635 1168 intestina
657 1109 769 1167 habent
794 1106 872 1185 [aut]
899 1129 936 1168 ex
957 1110 1032 1169 locis

32 1196 84 1254 suis
111 1197 241 1272 exclusa,
269 1198 355 1274 quasi
380 1198 490 1256 helices
520 1198 642 1256 faciunt.
692 1197 770 1256 unde
793 1199 867 1258 haec
894 1199 1030 1258 valitudo

30 1285 96 1342 ilion
116 1288 249 1345 vocatur.
296 1288 342 1344 est
367 1289 470 1346 autem
498 1286 572 1345 haec
593 1287 729 1346 valitudo
758 1287 934 1363 periculosa.
979 1287 1028 1347 cui
1047 1288 1107 1343 alo

31 1373 52 1430 si
77 1374 192 1433 tardius
224 1375 320 1450 aliqui
349 1378 516 1450 succurrat,
548 1375 712 1434 difficiliter
742 1376 916 1436 liberantur.
971 1378 1031 1436 cito

30 1462 101 1520 enim
123 1484 160 1522 ex
181 1463 238 1522 hac
259 1463 376 1522 ratione
398 1464 524 1523 interius
546 1465 717 1540 ruptionem
735 1465 847 1524 omenti
865 1466 1032 1540 patiuntur.

6 1552 71 1608 toni
91 1556 193 1610 tamen
216 1554 243 1610 si
265 1553 389 1611 celerius
412 1556 610 1629 succurratur,
634 1573 669 1611 ex
691 1554 748 1612 hac
770 1554 887 1612 ratione
909 1555 1032 1614 liberari

29 1645 170 1713 possunt..
185 1686 192 1698 .
208 1641 364 1700 dementis
379 1661 496 1718 quoque
515 1641 620 1700 calidis
633 1641 752 1701 renibus
766 1660 821 1717 pro
835 1643 1031 1702 multitudine

30 1728 155 1788 adhiberi
178 1732 311 1806 oportet,
334 1729 439 1789 deinde
463 1733 614 1808 extergere
639 1751 706 1788 eum
728 1731 888 1808 diligenter
911 1734 942 1790 et
964 1751 1030 1808 per-

30 1837 129 1895 ungere
158 1819 225 1877 oleo
253 1819 349 1878 calido
376 1820 442 1895 pice
464 1819 596 1894 liquidae
626 1820 719 1878 mixto
742 1821 790 1879 vel
814 1820 879 1878 oleo
902 1820 1029 1880 laurino.

30 1906 160 1966 similiter
181 1908 279 1966 facere
303 1911 333 1966 et
355 1908 493 1967 manibus
514 1911 724 1984 percatapsare
752 1911 851 1968 totum
873 1926 981 1984 corpus
999 1912 1031 1967 ct

6 1996 192 2074 otesticnloS,
216 2000 248 2054 et
269 1997 301 2054 in
323 1997 474 2056 auriculas
503 2017 538 2055 ex
561 1997 616 2056 hoc
639 1998 704 2056 oleo
735 1997 831 2056 calido
862 1998 1031 2058 suffundere

30 2088 140 2158 oportet
154 2088 186 2144 et
199 2085 424 2145 dedicationem
440 2106 496 2163 per
512 2086 613 2162 plures
631 2104 738 2144 manus
760 2086 915 2145 hominum
931 2090 1032 2146 totum

29 2171 187 2233 iumentum
219 2174 379 2250 defricare,
416 2174 508 2234 donec
541 2195 576 2232 ex
611 2175 667 2234 hac
699 2175 876 2234 calfactione
908 2179 1031 2235 ventum

29 2261 140 2322 reddere
173 2263 308 2337 incipiat.
367 2283 456 2339 quem
486 2263 656 2338 potionabis
688 2264 738 2324 sic.
792 2264 904 2340 piperis
936 2284 1030 2342 grana
1048 2264 1105 2318 217

30 2367 141 2411 numero
161 2351 195 2428 L,
217 2351 399 2427 petrosillini
422 2355 568 2428 quantum
592 2355 640 2410 4⁰¹
658 2352 749 2430 digiti
770 2357 895 2428 possunt
917 2372 1031 2429 capere,

6 2437 120 2498 *cimini
129 2440 328 2499 Alexandrini
340 2442 518 2500 tantundem
529 2460 596 2500 cum
610 2441 712 2500 cimini
720 2441 796 2517 Affi,
811 2442 908 2519 argini
922 2460 1031 2516 semen,

30 2545 127 2604 murra,
156 2529 269 2605 nepita,
297 2530 472 2607 trisaginem
498 2530 600 2605 aequis
623 2530 812 2607 ponderibus,
840 2530 872 2588 in
896 2548 955 2606 quo
979 2531 1030 2588 ad·

31 2616 157 2677 miscebis
189 2619 305 2676 nitrum
337 2619 375 2676 ad
407 2618 561 2676 dimidiam
598 2619 729 2678 omnium
766 2637 869 2678 eorum
904 2622 1030 2694 partam.

31 2702 92 2764 haec
114 2707 217 2766 omnia
239 2707 313 2764 bene
336 2707 419 2782 trita,
442 2727 478 2765 ex
500 2707 570 2767 vino
594 2699 740 2767 calido'et
759 2708 825 2767 oleo
853 2707 1031 2766 tantundem

33 2795 123 2868 aequis
141 2795 280 2871 partibus
300 2799 330 2855 et
346 2796 445 2855 mellis
464 2797 543 2871 quod
561 2797 635 2855 satis
655 2797 756 2872 fuerit,
779 2797 856 2855 hanc
877 2796 1031 2871 potionem

6 2880 113 2943 ”dabis
150 2885 225 2944 haec
243 2884 327 2960 potio
346 2888 377 2943 et
396 2885 571 2944 excalefecit
583 2888 614 2944 et
632 2886 730 2944 cibum
744 2884 829 2943 dabit
847 2888 878 2944 εὴ
895 2886 1031 2944 ventrem

34 2971 117 3031 solvit.
165 2993 201 3032 cx
224 2993 284 3048 qua
307 2974 423 3033 ratione
447 2973 541 3032 omnis
569 2974 713 3049 spurcitia
738 2974 873 3033 humoris
895 2974 1032 3032 relaxata

93 3168 107 3214 1
126 3161 252 3215 humoris
271 3161 370 3214 addidi
387 3163 396 3230 11
418 3167 433 3214 2
452 3160 563 3215 volutat
579 3161 582 3231 1
598 3159 729 3215 renibus:
748 3176 817 3214 corr.
841 3159 924 3230 ch!
947 3159 1031 3213 ealci-

34 3228 85 3284 tant
96 3235 135 3301 113
155 3233 230 3302 quod
246 3258 280 3276 =
294 3248 349 3299 quo
363 3234 402 3301 115
422 3231 587 3301 sagittatus:
606 3249 673 3285 corr.
694 3233 721 3284 B
735 3233 774 3300 118
799 3231 859 3302 ch.
878 3232 917 3284 II
932 3235 1004 3297 14,2
1021 3231 1031 3304 11

36 3305 61 3352 10
76 3302 182 3358 habent
200 3306 262 3358 aut:
283 3319 300 3356 a
318 3302 396 3357 venti
414 3302 443 3355 vi
462 3304 489 3355 B
503 3304 512 3372 11
532 3308 563 3355 11
588 3302 690 3356 helias:
716 3301 809 3356 obices
834 3303 895 3372 ch.
909 3304 918 3371 11
938 3308 971 3356 16
991 3304 1032 3358 la·

34 3387 120 3427 cunam
138 3375 264 3446 capuccit
281 3375 308 3426 B
322 3375 331 3443 11
350 3379 382 3426 18
401 3372 508 3444 liquide
526 3376 535 3444 11
554 3380 586 3428 25
607 3371 766 3442 abiargini:
796 3371 901 3426 cumini
920 3390 1031 3443 quoque

35 3440 148 3499 lffieani
172 3444 340 3516 tantundem
366 3461 460 3498 semen
485 3444 544 3514 apii
567 3461 690 3512 myrram
719 3445 781 3516 ch.
800 3446 809 3514 11
830 3449 864 3497 26
888 3445 919 3500 iu
944 3463 1033 3517 marg.

36 3520 136 3583 recepta
153 3515 259 3571 doloris
277 3515 383 3570 uentris

80 3613 468 3666 Mulomed.chir.,ec1.0der.
857 3609 872 3656 5
