<?xml version="1.0" encoding="UTF-8"?>
<!DOCTYPE html PUBLIC "-//W3C//DTD XHTML 1.0 Transitional//EN"
    "http://www.w3.org/TR/xhtml1/DTD/xhtml1-transitional.dtd">
<html xmlns="http://www.w3.org/1999/xhtml" xml:lang="en" lang="en">
 <head>
  <title>
</title>
<meta http-equiv="Content-Type" content="text/html;charset=utf-8" />
  <meta name='ocr-system' content='tesseract 3.04.00' />
  <meta name='ocr-capabilities' content='ocr_page ocr_carea ocr_par ocr_line ocrx_word'/>
</head>
<body>
  <div class='ocr_page' id='page_1' title='image "./claudiihermerim03hermgoog_0259.png"; bbox 0 0 2474 3910; ppageno 0'>
   <div class='ocr_carea' id='block_1_1' title="bbox 107 135 1017 204">
    <p class='ocr_par' dir='ltr' id='par_1_1' title="bbox 107 135 1017 204">
     <span class='ocr_line' id='line_1_1' title="bbox 107 135 1017 204; baseline 0.001 -16"><span class='ocrx_word' id='word_1_1' title='bbox 107 183 111 188; x_wconf 89' lang='lat'>.</span> <span class='ocrx_word' id='word_1_2' title='bbox 203 138 268 204; x_wconf 82' lang='grc'><strong>216</strong></span> <span class='ocrx_word' id='word_1_3' title='bbox 390 135 670 192; x_wconf 71' lang='lat' dir='ltr'><strong>MULOMEDIOINA</strong></span> <span class='ocrx_word' id='word_1_4' title='bbox 688 135 858 192; x_wconf 74' lang='lat' dir='ltr'><strong>cfflieoNis</strong></span> <span class='ocrx_word' id='word_1_5' title='bbox 876 140 1017 190; x_wconf 83' lang='lat' dir='ltr'><strong>ese-ses</strong></span> 
     </span>
    </p>
   </div>
   <div class='ocr_carea' id='block_1_2' title="bbox 69 283 1225 2757">
    <p class='ocr_par' dir='ltr' id='par_1_2' title="bbox 202 283 1204 790">
     <span class='ocr_line' id='line_1_2' title="bbox 204 283 1204 364; baseline -0.004 -17"><span class='ocrx_word' id='word_1_6' title='bbox 204 288 256 364; x_wconf 88' lang='lat' dir='ltr'><strong>qui</strong></span> <span class='ocrx_word' id='word_1_7' title='bbox 279 287 410 347; x_wconf 88' lang='lat' dir='ltr'><strong>cauterio</strong></span> <span class='ocrx_word' id='word_1_8' title='bbox 433 289 566 346; x_wconf 81' lang='lat' dir='ltr'><strong>castrant</strong></span> <span class='ocrx_word' id='word_1_9' title='bbox 587 288 709 364; x_wconf 80' lang='lat' dir='ltr'><strong>propter</strong></span> <span class='ocrx_word' id='word_1_10' title='bbox 735 286 846 345; x_wconf 84' lang='lat' dir='ltr'><strong>fluxum</strong></span> <span class='ocrx_word' id='word_1_11' title='bbox 873 286 1034 363; x_wconf 79' lang='lat' dir='ltr'><strong>sanguinis.</strong></span> <span class='ocrx_word' id='word_1_12' title='bbox 1074 283 1204 344; x_wconf 77' lang='lat' dir='ltr'><strong>similiter</strong></span> 
     </span>
     <span class='ocr_line' id='line_1_3' title="bbox 203 375 1198 454; baseline -0.004 -19"><span class='ocrx_word' id='word_1_13' title='bbox 203 378 239 435; x_wconf 90' lang='lat' dir='ltr'><strong>ut</strong></span> <span class='ocrx_word' id='word_1_14' title='bbox 265 393 287 435; x_wconf 90' lang='lat' dir='ltr'><strong>s.</strong></span> <span class='ocrx_word' id='word_1_15' title='bbox 333 375 406 454; x_wconf 84' lang='lat' dir='ltr'><strong>dixi,</strong></span> <span class='ocrx_word' id='word_1_16' title='bbox 442 375 646 435; x_wconf 85' lang='lat' dir='ltr'><strong>membranum</strong></span> <span class='ocrx_word' id='word_1_17' title='bbox 682 393 772 452; x_wconf 88' lang='lat' dir='ltr'><strong>supra</strong></span> <span class='ocrx_word' id='word_1_18' title='bbox 803 377 894 434; x_wconf 83' lang='lat' dir='ltr'><strong>testes</strong></span> <span class='ocrx_word' id='word_1_19' title='bbox 928 375 1044 450; x_wconf 84' lang='lat' dir='ltr'><strong>aperies</strong></span> <span class='ocrx_word' id='word_1_20' title='bbox 1078 376 1109 432; x_wconf 83' lang='lat' dir='ltr'><strong>et</strong></span> <span class='ocrx_word' id='word_1_21' title='bbox 1141 377 1198 432; x_wconf 87' lang='lat' dir='ltr'><strong>tuin</strong></span> 
     </span>
     <span class='ocr_line' id='line_1_4' title="bbox 203 463 1197 524; baseline -0.003 0"><span class='ocrx_word' id='word_1_22' title='bbox 203 464 375 524; x_wconf 86' lang='lat' dir='ltr'><strong>testiculum</strong></span> <span class='ocrx_word' id='word_1_23' title='bbox 410 465 518 523; x_wconf 86' lang='lat' dir='ltr'><strong>eximes</strong></span> <span class='ocrx_word' id='word_1_24' title='bbox 554 467 585 524; x_wconf 89' lang='lat' dir='ltr'><strong>et</strong></span> <span class='ocrx_word' id='word_1_25' title='bbox 620 463 786 523; x_wconf 86' lang='lat' dir='ltr'><strong>labraribus</strong></span> <span class='ocrx_word' id='word_1_26' title='bbox 823 465 985 523; x_wconf 82' lang='lat' dir='ltr'><strong>castratum</strong></span> <span class='ocrx_word' id='word_1_27' title='bbox 1021 463 1093 522; x_wconf 87' lang='lat' dir='ltr'><strong>uris.</strong></span> <span class='ocrx_word' id='word_1_28' title='bbox 1146 481 1197 521; x_wconf 83' lang='lat' dir='ltr'><strong>cun</strong></span> 
     </span>
     <span class='ocr_line' id='line_1_5' title="bbox 202 552 1204 630; baseline 0 -18"><span class='ocrx_word' id='word_1_29' title='bbox 202 553 370 630; x_wconf 83' lang='lat' dir='ltr'><strong>praecludis</strong></span> <span class='ocrx_word' id='word_1_30' title='bbox 386 553 441 611; x_wconf 90' lang='lat' dir='ltr'>illa</span> <span class='ocrx_word' id='word_1_31' title='bbox 459 554 533 628; x_wconf 90' lang='lat' dir='ltr'><strong>loca,</strong></span> <span class='ocrx_word' id='word_1_32' title='bbox 555 552 608 612; x_wconf 87' lang='lat' dir='ltr'><strong>ubi</strong></span> <span class='ocrx_word' id='word_1_33' title='bbox 625 552 804 629; x_wconf 85' lang='lat' dir='ltr'><strong>praecideris</strong></span> <span class='ocrx_word' id='word_1_34' title='bbox 821 571 927 612; x_wconf 86' lang='lat' dir='ltr'><strong>venam</strong></span> <span class='ocrx_word' id='word_1_35' title='bbox 946 555 976 610; x_wconf 80' lang='lat' dir='ltr'><strong>ei</strong></span> <span class='ocrx_word' id='word_1_36' title='bbox 994 554 1204 624; x_wconf 77' lang='lat' dir='ltr'><strong>cremasteren]</strong></span> 
     </span>
     <span class='ocr_line' id='line_1_6' title="bbox 203 640 1204 718; baseline -0.002 -18"><span class='ocrx_word' id='word_1_37' title='bbox 203 643 301 718; x_wconf 89' lang='lat' dir='ltr'><strong>ipsum</strong></span> <span class='ocrx_word' id='word_1_38' title='bbox 315 642 453 702; x_wconf 86' lang='lat' dir='ltr'><strong>cauteriis</strong></span> <span class='ocrx_word' id='word_1_39' title='bbox 467 641 659 701; x_wconf 86' lang='lat' dir='ltr'><strong>candentibus</strong></span> <span class='ocrx_word' id='word_1_40' title='bbox 677 640 841 718; x_wconf 84' lang='lat' dir='ltr'><strong>praecidite</strong></span> <span class='ocrx_word' id='word_1_41' title='bbox 859 640 1038 700; x_wconf 89' lang='lat' dir='ltr'><strong>testiculum.</strong></span> <span class='ocrx_word' id='word_1_42' title='bbox 1073 641 1204 699; x_wconf 83' lang='lat' dir='ltr'><strong>similitu</strong></span> 
     </span>
     <span class='ocr_line' id='line_1_7' title="bbox 204 729 817 790; baseline -0.003 -1"><span class='ocrx_word' id='word_1_43' title='bbox 204 730 313 790; x_wconf 91' lang='lat' dir='ltr'><strong>hocin</strong></span> <span class='ocrx_word' id='word_1_44' title='bbox 336 731 463 790; x_wconf 88' lang='lat' dir='ltr'><strong>alterum</strong></span> <span class='ocrx_word' id='word_1_45' title='bbox 485 730 585 790; x_wconf 88' lang='lat' dir='ltr'><strong>facito.</strong></span> <span class='ocrx_word' id='word_1_46' title='bbox 631 748 735 790; x_wconf 90' lang='lat' dir='ltr'><strong>sanum</strong></span> <span class='ocrx_word' id='word_1_47' title='bbox 757 729 817 788; x_wconf 89' lang='lat' dir='ltr'><strong>fiet.</strong></span> 
     </span>
    </p>

    <p class='ocr_par' dir='ltr' id='par_1_3' title="bbox 129 817 1229 1675">
     <span class='ocr_line' id='line_1_8' title="bbox 129 817 1197 896; baseline -0.001 -20"><span class='ocrx_word' id='word_1_48' title='bbox 129 820 186 876; x_wconf 85' lang='grc'><strong>686</strong></span> <span class='ocrx_word' id='word_1_49' title='bbox 270 819 365 878; x_wconf 85' lang='lat' dir='ltr'>LXIX</span> <span class='ocrx_word' id='word_1_50' title='bbox 397 819 595 896; x_wconf 80' lang='lat' dir='ltr'><strong>Quodcunque</strong></span> <span class='ocrx_word' id='word_1_51' title='bbox 618 818 784 878; x_wconf 84' lang='lat' dir='ltr'><strong>iumentum</strong></span> <span class='ocrx_word' id='word_1_52' title='bbox 818 836 836 876; x_wconf 91' lang='lat' dir='ltr'><strong>a</strong></span> <span class='ocrx_word' id='word_1_53' title='bbox 870 835 1045 894; x_wconf 88' lang='lat' dir='ltr'><strong>quocunque</strong></span> <span class='ocrx_word' id='word_1_54' title='bbox 1082 817 1197 876; x_wconf 87' lang='lat' dir='ltr'><strong>bestiole</strong></span> 
     </span>
     <span class='ocr_line' id='line_1_9' title="bbox 204 906 1197 983; baseline -0.003 -17"><span class='ocrx_word' id='word_1_55' title='bbox 204 908 336 967; x_wconf 80' lang='lat' dir='ltr'><strong>nocitum</strong></span> <span class='ocrx_word' id='word_1_56' title='bbox 358 907 449 968; x_wconf 86' lang='lat' dir='ltr'><strong>fuerit</strong></span> <span class='ocrx_word' id='word_1_57' title='bbox 471 910 502 966; x_wconf 88' lang='lat' dir='ltr'><strong>et</strong></span> <span class='ocrx_word' id='word_1_58' title='bbox 523 910 627 967; x_wconf 80' lang='lat' dir='ltr'><strong>venter</strong></span> <span class='ocrx_word' id='word_1_59' title='bbox 649 907 676 965; x_wconf 89' lang='lat' dir='ltr'><strong>ei</strong></span> <span class='ocrx_word' id='word_1_60' title='bbox 698 907 927 983; x_wconf 85' lang='lat' dir='ltr'><strong>tympanaverit,</strong></span> <span class='ocrx_word' id='word_1_61' title='bbox 950 906 993 965; x_wconf 91' lang='lat' dir='ltr'><strong>sic</strong></span> <span class='ocrx_word' id='word_1_62' title='bbox 1012 926 1080 965; x_wconf 89' lang='lat' dir='ltr'><strong>eum</strong></span> <span class='ocrx_word' id='word_1_63' title='bbox 1098 910 1197 964; x_wconf 87' lang='lat' dir='ltr'><strong>curato.</strong></span> 
     </span>
     <span class='ocr_line' id='line_1_10' title="bbox 205 994 1197 1072; baseline -0.003 -16"><span class='ocrx_word' id='word_1_64' title='bbox 205 997 369 1056; x_wconf 89' lang='lat' dir='ltr'><strong>scaiificato</strong></span> <span class='ocrx_word' id='word_1_65' title='bbox 393 998 490 1055; x_wconf 87' lang='lat' dir='ltr'><strong>totum</strong></span> <span class='ocrx_word' id='word_1_66' title='bbox 512 998 646 1056; x_wconf 83' lang='lat' dir='ltr'><strong>ventrem</strong></span> <span class='ocrx_word' id='word_1_67' title='bbox 673 1015 709 1054; x_wconf 86' lang='lat' dir='ltr'><strong>ex</strong></span> <span class='ocrx_word' id='word_1_68' title='bbox 736 995 848 1072; x_wconf 87' lang='lat' dir='ltr'><strong>sagitta</strong></span> <span class='ocrx_word' id='word_1_69' title='bbox 870 994 1015 1068; x_wconf 79' lang='lat' dir='ltr'>Numida,</span> <span class='ocrx_word' id='word_1_70' title='bbox 1042 995 1197 1068; x_wconf 83' lang='lat' dir='ltr'><strong>observato,</strong></span> 
     </span>
     <span class='ocr_line' id='line_1_11' title="bbox 204 1083 1198 1162; baseline -0.004 -18"><span class='ocrx_word' id='word_1_71' title='bbox 204 1103 370 1145; x_wconf 83' lang='lat' dir='ltr'><strong>novenam</strong></span> <span class='ocrx_word' id='word_1_72' title='bbox 392 1086 513 1162; x_wconf 86' lang='lat' dir='ltr'><strong>tangas,</strong></span> <span class='ocrx_word' id='word_1_73' title='bbox 542 1086 573 1143; x_wconf 85' lang='lat' dir='ltr'><strong>et</strong></span> <span class='ocrx_word' id='word_1_74' title='bbox 599 1085 660 1143; x_wconf 90' lang='lat' dir='ltr'><strong>sale</strong></span> <span class='ocrx_word' id='word_1_75' title='bbox 688 1083 850 1144; x_wconf 85' lang='lat' dir='ltr'><strong>confricato</strong></span> <span class='ocrx_word' id='word_1_76' title='bbox 878 1085 909 1142; x_wconf 84' lang='lat' dir='ltr'><strong>et</strong></span> <span class='ocrx_word' id='word_1_77' title='bbox 937 1083 1028 1142; x_wconf 84' lang='lat' dir='ltr'><strong>sinito</strong></span> <span class='ocrx_word' id='word_1_78' title='bbox 1055 1084 1198 1144; x_wconf 84' lang='lat' dir='ltr'><strong>humorem</strong></span> 
     </span>
     <span class='ocr_line' id='line_1_12' title="bbox 204 1172 1197 1233; baseline -0.005 0"><span class='ocrx_word' id='word_1_79' title='bbox 204 1192 348 1233; x_wconf 82' lang='lat' dir='ltr'><strong>venarum</strong></span> <span class='ocrx_word' id='word_1_80' title='bbox 370 1172 530 1232; x_wconf 76' lang='lat' dir='ltr'><strong>decurrere.</strong></span> <span class='ocrx_word' id='word_1_81' title='bbox 575 1173 631 1232; x_wconf 91' lang='lat' dir='ltr'><strong>hac</strong></span> <span class='ocrx_word' id='word_1_82' title='bbox 653 1192 685 1231; x_wconf 89' lang='lat' dir='ltr'><strong>re</strong></span> <span class='ocrx_word' id='word_1_83' title='bbox 712 1191 817 1231; x_wconf 87' lang='lat' dir='ltr'><strong>sanum</strong></span> <span class='ocrx_word' id='word_1_84' title='bbox 843 1172 901 1230; x_wconf 87' lang='lat' dir='ltr'><strong>fiet</strong></span> <span class='ocrx_word' id='word_1_85' title='bbox 946 1175 1045 1230; x_wconf 80' lang='lat' dir='ltr'><strong>rutam</strong></span> <span class='ocrx_word' id='word_1_86' title='bbox 1078 1173 1197 1232; x_wconf 84' lang='lat' dir='ltr'><strong>musteli-</strong></span> 
     </span>
     <span class='ocr_line' id='line_1_13' title="bbox 204 1260 1225 1338; baseline 0.001 -18"><span class='ocrx_word' id='word_1_87' title='bbox 204 1281 274 1320; x_wconf 90' lang='lat' dir='ltr'><strong>nam</strong></span> <span class='ocrx_word' id='word_1_88' title='bbox 297 1264 328 1320; x_wconf 88' lang='lat' dir='ltr'><strong>et</strong></span> <span class='ocrx_word' id='word_1_89' title='bbox 350 1261 505 1338; x_wconf 87' lang='lat' dir='ltr'><strong>origanum</strong></span> <span class='ocrx_word' id='word_1_90' title='bbox 528 1261 639 1320; x_wconf 87' lang='lat' dir='ltr'><strong>asinale</strong></span> <span class='ocrx_word' id='word_1_91' title='bbox 663 1280 751 1338; x_wconf 88' lang='lat' dir='ltr'><strong>super</strong></span> <span class='ocrx_word' id='word_1_92' title='bbox 773 1260 914 1320; x_wconf 85' lang='lat' dir='ltr'><strong>carbones</strong></span> <span class='ocrx_word' id='word_1_93' title='bbox 935 1261 1040 1337; x_wconf 85' lang='lat' dir='ltr'><strong>ponito</strong></span> <span class='ocrx_word' id='word_1_94' title='bbox 1064 1263 1096 1319; x_wconf 85' lang='lat' dir='ltr'><strong>et</strong></span> <span class='ocrx_word' id='word_1_95' title='bbox 1112 1264 1197 1320; x_wconf 86' lang='lat' dir='ltr'><strong>totuin</strong></span> <span class='ocrx_word' id='word_1_96' title='bbox 1224 1316 1225 1321; x_wconf 73' lang='grc'>,</span> 
     </span>
     <span class='ocr_line' id='line_1_14' title="bbox 204 1349 1196 1426; baseline -0.006 -16"><span class='ocrx_word' id='word_1_97' title='bbox 204 1352 337 1410; x_wconf 85' lang='lat' dir='ltr'><strong>ventrem</strong></span> <span class='ocrx_word' id='word_1_98' title='bbox 368 1350 510 1410; x_wconf 84' lang='lat' dir='ltr'><strong>fumicato</strong></span> <span class='ocrx_word' id='word_1_99' title='bbox 542 1370 596 1426; x_wconf 84' lang='lat' dir='ltr'><strong>per</strong></span> <span class='ocrx_word' id='word_1_100' title='bbox 626 1349 725 1408; x_wconf 84' lang='lat' dir='ltr'><strong>triduo</strong></span> <span class='ocrx_word' id='word_1_101' title='bbox 758 1352 789 1408; x_wconf 87' lang='lat' dir='ltr'><strong>et</strong></span> <span class='ocrx_word' id='word_1_102' title='bbox 819 1350 899 1409; x_wconf 86' lang='lat' dir='ltr'><strong>loteo</strong></span> <span class='ocrx_word' id='word_1_103' title='bbox 931 1349 1028 1408; x_wconf 82' lang='lat' dir='ltr'><strong>calido</strong></span> <span class='ocrx_word' id='word_1_104' title='bbox 1061 1349 1196 1410; x_wconf 85' lang='lat' dir='ltr'><strong>delavato.</strong></span> 
     </span>
     <span class='ocr_line' id='line_1_15' title="bbox 205 1438 1196 1514; baseline -0.003 -16"><span class='ocrx_word' id='word_1_105' title='bbox 205 1456 310 1498; x_wconf 90' lang='lat' dir='ltr'><strong>sanum</strong></span> <span class='ocrx_word' id='word_1_106' title='bbox 339 1438 399 1497; x_wconf 87' lang='lat' dir='ltr'><strong>fiet</strong></span> <span class='ocrx_word' id='word_1_107' title='bbox 444 1439 469 1498; x_wconf 90' lang='lat' dir='ltr'><strong>si</strong></span> <span class='ocrx_word' id='word_1_108' title='bbox 497 1438 569 1514; x_wconf 83' lang='lat' dir='ltr'><strong>quid</strong></span> <span class='ocrx_word' id='word_1_109' title='bbox 594 1438 626 1497; x_wconf 89' lang='lat' dir='ltr'><strong>in</strong></span> <span class='ocrx_word' id='word_1_110' title='bbox 658 1457 779 1514; x_wconf 87' lang='lat' dir='ltr'><strong>corpore</strong></span> <span class='ocrx_word' id='word_1_111' title='bbox 811 1456 878 1496; x_wconf 91' lang='lat' dir='ltr'><strong>cum</strong></span> <span class='ocrx_word' id='word_1_112' title='bbox 913 1440 1029 1498; x_wconf 88' lang='lat' dir='ltr'><strong>tumore</strong></span> <span class='ocrx_word' id='word_1_113' title='bbox 1063 1441 1196 1498; x_wconf 85' lang='lat' dir='ltr'><strong>venenato</strong></span> 
     </span>
     <span class='ocr_line' id='line_1_16' title="bbox 204 1526 1196 1604; baseline 0.001 -19"><span class='ocrx_word' id='word_1_114' title='bbox 204 1527 409 1603; x_wconf 76' lang='lat' dir='ltr'><strong>permanserit,</strong></span> <span class='ocrx_word' id='word_1_115' title='bbox 431 1527 559 1586; x_wconf 84' lang='lat' dir='ltr'><strong>canteris</strong></span> <span class='ocrx_word' id='word_1_116' title='bbox 581 1526 774 1586; x_wconf 87' lang='lat' dir='ltr'><strong>candentibus</strong></span> <span class='ocrx_word' id='word_1_117' title='bbox 796 1527 889 1604; x_wconf 87' lang='lat' dir='ltr'><strong>mito,</strong></span> <span class='ocrx_word' id='word_1_118' title='bbox 911 1528 979 1586; x_wconf 87' lang='lat' dir='ltr'><strong>usta</strong></span> <span class='ocrx_word' id='word_1_119' title='bbox 1001 1530 1116 1586; x_wconf 83' lang='lat' dir='ltr'><strong>curato.</strong></span> <span class='ocrx_word' id='word_1_120' title='bbox 1160 1545 1196 1585; x_wconf 82' lang='lat' dir='ltr'><strong>sa</strong></span> 
     </span>
     <span class='ocr_line' id='line_1_17' title="bbox 203 1615 356 1675; baseline -0.013 0"><span class='ocrx_word' id='word_1_121' title='bbox 203 1634 276 1675; x_wconf 87' lang='lat' dir='ltr'><strong>num</strong></span> <span class='ocrx_word' id='word_1_122' title='bbox 297 1615 356 1674; x_wconf 85' lang='lat' dir='ltr'><strong>fiet.</strong></span> 
     </span>
    </p>

    <p class='ocr_par' dir='ltr' id='par_1_4' title="bbox 125 1703 1196 2133">
     <span class='ocr_line' id='line_1_18' title="bbox 125 1703 1196 1782; baseline 0 -21"><span class='ocrx_word' id='word_1_123' title='bbox 125 1705 188 1762; x_wconf 72' lang='grc'><strong>687</strong></span> <span class='ocrx_word' id='word_1_124' title='bbox 273 1704 353 1762; x_wconf 89' lang='lat' dir='ltr'><strong>LXX</strong></span> <span class='ocrx_word' id='word_1_125' title='bbox 376 1704 575 1780; x_wconf 79' lang='lat' dir='ltr'><strong>Quodcunque</strong></span> <span class='ocrx_word' id='word_1_126' title='bbox 592 1705 757 1763; x_wconf 80' lang='lat' dir='ltr'><strong>iumentum</strong></span> <span class='ocrx_word' id='word_1_127' title='bbox 775 1703 813 1764; x_wconf 87' lang='lat' dir='ltr'><strong>ab</strong></span> <span class='ocrx_word' id='word_1_128' title='bbox 831 1706 927 1763; x_wconf 82' lang='lat' dir='ltr'><strong>strato</strong></span> <span class='ocrx_word' id='word_1_129' title='bbox 945 1722 1050 1764; x_wconf 81' lang='lat' dir='ltr'><strong>cancer</strong></span> <span class='ocrx_word' id='word_1_130' title='bbox 1067 1703 1196 1782; x_wconf 81' lang='lat' dir='ltr'><strong>frigidum</strong></span> 
     </span>
     <span class='ocr_line' id='line_1_19' title="bbox 205 1789 1194 1869; baseline -0.003 -18"><span class='ocrx_word' id='word_1_131' title='bbox 205 1793 361 1869; x_wconf 84' lang='lat' dir='ltr'><strong>creaverit,</strong></span> <span class='ocrx_word' id='word_1_132' title='bbox 390 1793 469 1869; x_wconf 91' lang='lat' dir='ltr'><strong>quod</strong></span> <span class='ocrx_word' id='word_1_133' title='bbox 497 1792 617 1868; x_wconf 87' lang='lat' dir='ltr'><strong>quidam</strong></span> <span class='ocrx_word' id='word_1_134' title='bbox 645 1793 789 1869; x_wconf 84' lang='lat' dir='ltr'><strong>pispisam</strong></span> <span class='ocrx_word' id='word_1_135' title='bbox 818 1795 934 1852; x_wconf 87' lang='lat' dir='ltr'><strong>vocant.</strong></span> <span class='ocrx_word' id='word_1_136' title='bbox 983 1789 1089 1869; x_wconf 88' lang='lat' dir='ltr'><strong>[quod]</strong></span> <span class='ocrx_word' id='word_1_137' title='bbox 1114 1791 1194 1852; x_wconf 88' lang='lat' dir='ltr'><strong>cuisi</strong></span> 
     </span>
     <span class='ocr_line' id='line_1_20' title="bbox 204 1881 1193 1958; baseline -0.002 -18"><span class='ocrx_word' id='word_1_138' title='bbox 204 1900 264 1941; x_wconf 94' lang='lat' dir='ltr'><strong>non</strong></span> <span class='ocrx_word' id='word_1_139' title='bbox 287 1882 346 1941; x_wconf 88' lang='lat' dir='ltr'><strong>cito</strong></span> <span class='ocrx_word' id='word_1_140' title='bbox 376 1881 565 1958; x_wconf 87' lang='lat' dir='ltr'><strong>succurreris,</strong></span> <span class='ocrx_word' id='word_1_141' title='bbox 595 1881 655 1940; x_wconf 88' lang='lat' dir='ltr'><strong>cito</strong></span> <span class='ocrx_word' id='word_1_142' title='bbox 685 1901 720 1940; x_wconf 84' lang='lat' dir='ltr'><strong>ex</strong></span> <span class='ocrx_word' id='word_1_143' title='bbox 748 1881 804 1940; x_wconf 87' lang='lat' dir='ltr'><strong>hac</strong></span> <span class='ocrx_word' id='word_1_144' title='bbox 831 1901 862 1940; x_wconf 89' lang='lat' dir='ltr'><strong>re</strong></span> <span class='ocrx_word' id='word_1_145' title='bbox 891 1881 1017 1941; x_wconf 77' lang='lat' dir='ltr'><strong>civitio</strong></span> <span class='ocrx_word' id='word_1_146' title='bbox 1045 1881 1193 1957; x_wconf 88' lang='lat' dir='ltr'><strong>periculum</strong></span> 
     </span>
     <span class='ocr_line' id='line_1_21' title="bbox 204 1969 1193 2046; baseline -0.004 -18"><span class='ocrx_word' id='word_1_147' title='bbox 204 1970 326 2030; x_wconf 86' lang='lat' dir='ltr'><strong>faciunt.</strong></span> <span class='ocrx_word' id='word_1_148' title='bbox 380 1970 422 2030; x_wconf 91' lang='lat' dir='ltr'><strong>sic</strong></span> <span class='ocrx_word' id='word_1_149' title='bbox 457 1990 524 2029; x_wconf 89' lang='lat' dir='ltr'><strong>euin</strong></span> <span class='ocrx_word' id='word_1_150' title='bbox 560 1972 672 2029; x_wconf 86' lang='lat' dir='ltr'><strong>curato.</strong></span> <span class='ocrx_word' id='word_1_151' title='bbox 726 1970 866 2046; x_wconf 88' lang='lat' dir='ltr'><strong>scalpello</strong></span> <span class='ocrx_word' id='word_1_152' title='bbox 904 1969 1000 2028; x_wconf 91' lang='lat' dir='ltr'><strong>eidem</strong></span> <span class='ocrx_word' id='word_1_153' title='bbox 1037 1989 1139 2029; x_wconf 79' lang='lat' dir='ltr'><strong>cancer</strong></span> <span class='ocrx_word' id='word_1_154' title='bbox 1171 1971 1193 2026; x_wconf 85' lang='lat' dir='ltr'><strong>et</strong></span> 
     </span>
     <span class='ocr_line' id='line_1_22' title="bbox 204 2058 1192 2133; baseline -0.004 -15"><span class='ocrx_word' id='word_1_155' title='bbox 204 2060 301 2118; x_wconf 79' lang='lat' dir='ltr'><strong>toturn</strong></span> <span class='ocrx_word' id='word_1_156' title='bbox 325 2059 404 2118; x_wconf 86' lang='lat' dir='ltr'><strong>latus</strong></span> <span class='ocrx_word' id='word_1_157' title='bbox 430 2058 611 2133; x_wconf 83' lang='lat' dir='ltr'><strong>intercidito,</strong></span> <span class='ocrx_word' id='word_1_158' title='bbox 632 2077 726 2133; x_wconf 90' lang='lat' dir='ltr'><strong>usque</strong></span> <span class='ocrx_word' id='word_1_159' title='bbox 754 2077 812 2133; x_wconf 91' lang='lat' dir='ltr'><strong>quo</strong></span> <span class='ocrx_word' id='word_1_160' title='bbox 835 2076 925 2118; x_wconf 87' lang='lat' dir='ltr'><strong>causa</strong></span> <span class='ocrx_word' id='word_1_161' title='bbox 947 2059 1078 2118; x_wconf 88' lang='lat' dir='ltr'><strong>canceris</strong></span> <span class='ocrx_word' id='word_1_162' title='bbox 1102 2059 1192 2116; x_wconf 83' lang='lat' dir='ltr'><strong>dilata·</strong></span> 
     </span>
    </p>

    <p class='ocr_par' dir='ltr' id='par_1_5' title="bbox 69 2141 1218 2577">
     <span class='ocr_line' id='line_1_23' title="bbox 69 2141 1192 2226; baseline -0.005 -19"><span class='ocrx_word' id='word_1_163' title='bbox 69 2146 183 2207; x_wconf 72' lang='lat' dir='ltr'>143&#39;b</span> <span class='ocrx_word' id='word_1_164' title='bbox 205 2146 291 2222; x_wconf 85' lang='lat' dir='ltr'><strong>verit,</strong></span> <span class='ocrx_word' id='word_1_165' title='bbox 311 2141 316 2226; x_wconf 82' lang='lat' dir='ltr'>l</span> <span class='ocrx_word' id='word_1_166' title='bbox 336 2147 384 2206; x_wconf 86' lang='lat' dir='ltr'><strong>vel</strong></span> <span class='ocrx_word' id='word_1_167' title='bbox 406 2148 497 2206; x_wconf 85' lang='lat' dir='ltr'><strong>etiam</strong></span> <span class='ocrx_word' id='word_1_168' title='bbox 519 2165 597 2206; x_wconf 89' lang='lat' dir='ltr'><strong>nunc</strong></span> <span class='ocrx_word' id='word_1_169' title='bbox 619 2147 864 2224; x_wconf 86' lang='lat' dir='ltr'><strong>dragonationem</strong></span> <span class='ocrx_word' id='word_1_170' title='bbox 886 2147 1010 2224; x_wconf 85' lang='lat' dir='ltr'><strong>tergito,</strong></span> <span class='ocrx_word' id='word_1_171' title='bbox 1033 2166 1125 2224; x_wconf 89' lang='lat' dir='ltr'><strong>usque</strong></span> <span class='ocrx_word' id='word_1_172' title='bbox 1146 2163 1192 2220; x_wconf 85' lang='lat' dir='ltr'><strong>quo</strong></span> 
     </span>
     <span class='ocr_line' id='line_1_24' title="bbox 205 2235 1192 2312; baseline 0 -19"><span class='ocrx_word' id='word_1_173' title='bbox 205 2235 306 2294; x_wconf 86' lang='lat' dir='ltr'><strong>venias</strong></span> <span class='ocrx_word' id='word_1_174' title='bbox 329 2235 368 2293; x_wconf 91' lang='lat' dir='ltr'><strong>ad</strong></span> <span class='ocrx_word' id='word_1_175' title='bbox 394 2235 596 2296; x_wconf 88' lang='lat' dir='ltr'><strong>membranum</strong></span> <span class='ocrx_word' id='word_1_176' title='bbox 622 2235 749 2295; x_wconf 85' lang='lat' dir='ltr'><strong>lividum</strong></span> <span class='ocrx_word' id='word_1_177' title='bbox 774 2235 910 2294; x_wconf 80' lang='lat' dir='ltr'><strong>inflatum</strong></span> <span class='ocrx_word' id='word_1_178' title='bbox 934 2235 1058 2295; x_wconf 90' lang='lat' dir='ltr'><strong>humore</strong></span> <span class='ocrx_word' id='word_1_179' title='bbox 1081 2236 1192 2312; x_wconf 82' lang='lat' dir='ltr'><strong>plenum,</strong></span> 
     </span>
     <span class='ocr_line' id='line_1_25' title="bbox 206 2322 1191 2401; baseline 0.001 -20"><span class='ocrx_word' id='word_1_180' title='bbox 206 2322 286 2399; x_wconf 90' lang='lat' dir='ltr'><strong>quod</strong></span> <span class='ocrx_word' id='word_1_181' title='bbox 308 2327 334 2381; x_wconf 87' lang='lat' dir='ltr'><strong>ct</strong></span> <span class='ocrx_word' id='word_1_182' title='bbox 354 2323 451 2399; x_wconf 88' lang='lat' dir='ltr'><strong>ipsum</strong></span> <span class='ocrx_word' id='word_1_183' title='bbox 474 2343 578 2384; x_wconf 79' lang='lat' dir='ltr'><strong>cancer</strong></span> <span class='ocrx_word' id='word_1_184' title='bbox 600 2327 792 2383; x_wconf 80' lang='lat' dir='ltr'><strong>succutanum</strong></span> <span class='ocrx_word' id='word_1_185' title='bbox 814 2323 926 2384; x_wconf 85' lang='lat' dir='ltr'><strong>dictum</strong></span> <span class='ocrx_word' id='word_1_186' title='bbox 949 2327 1001 2383; x_wconf 89' lang='lat' dir='ltr'><strong>est.</strong></span> <span class='ocrx_word' id='word_1_187' title='bbox 1041 2325 1191 2401; x_wconf 80' lang='lat' dir='ltr'><strong>quodcum</strong></span> 
     </span>
     <span class='ocr_line' id='line_1_26' title="bbox 206 2411 1218 2490; baseline -0.007 -18"><span class='ocrx_word' id='word_1_188' title='bbox 206 2413 276 2472; x_wconf 84' lang='lat' dir='ltr'><strong>bene</strong></span> <span class='ocrx_word' id='word_1_189' title='bbox 308 2411 503 2488; x_wconf 74' lang='lat' dir='ltr'><strong>intercidens,</strong></span> <span class='ocrx_word' id='word_1_190' title='bbox 539 2413 571 2471; x_wconf 92' lang='lat' dir='ltr'><strong>in</strong></span> <span class='ocrx_word' id='word_1_191' title='bbox 606 2413 712 2490; x_wconf 82' lang='lat' dir='ltr'><strong>plagas</strong></span> <span class='ocrx_word' id='word_1_192' title='bbox 747 2412 995 2472; x_wconf 86' lang='lat' dir='ltr'><strong>medicamentum</strong></span> <span class='ocrx_word' id='word_1_193' title='bbox 1026 2432 1094 2472; x_wconf 92' lang='lat' dir='ltr'><strong>cum</strong></span> <span class='ocrx_word' id='word_1_194' title='bbox 1121 2412 1218 2470; x_wconf 80' lang='lat' dir='ltr'><strong>laissa</strong></span> 
     </span>
     <span class='ocr_line' id='line_1_27' title="bbox 205 2500 1190 2577; baseline 0 -16"><span class='ocrx_word' id='word_1_195' title='bbox 205 2500 321 2561; x_wconf 86' lang='lat' dir='ltr'><strong>sucidas</strong></span> <span class='ocrx_word' id='word_1_196' title='bbox 342 2500 494 2577; x_wconf 78' lang='lat' dir='ltr'>immittes,</span> <span class='ocrx_word' id='word_1_197' title='bbox 516 2503 585 2560; x_wconf 85' lang='lat' dir='ltr'><strong>ante</strong></span> <span class='ocrx_word' id='word_1_198' title='bbox 607 2503 708 2560; x_wconf 83' lang='lat' dir='ltr'><strong>tamen</strong></span> <span class='ocrx_word' id='word_1_199' title='bbox 730 2501 791 2560; x_wconf 87' lang='lat' dir='ltr'><strong>sale</strong></span> <span class='ocrx_word' id='word_1_200' title='bbox 809 2500 995 2561; x_wconf 77' lang='lat' dir='ltr'><strong>confricabis.</strong></span> <span class='ocrx_word' id='word_1_201' title='bbox 1036 2521 1087 2562; x_wconf 85' lang='lat' dir='ltr'><strong>eas</strong></span> <span class='ocrx_word' id='word_1_202' title='bbox 1103 2501 1190 2577; x_wconf 73' lang='lat' dir='ltr'><strong>plagas</strong></span> 
     </span>
    </p>

    <p class='ocr_par' dir='ltr' id='par_1_6' title="bbox 129 2588 1188 2757">
     <span class='ocr_line' id='line_1_28' title="bbox 129 2588 1188 2665; baseline -0.001 -17"><span class='ocrx_word' id='word_1_203' title='bbox 129 2591 187 2648; x_wconf 77' lang='grc'><strong>688</strong></span> <span class='ocrx_word' id='word_1_204' title='bbox 205 2588 366 2665; x_wconf 86' lang='lat' dir='ltr'><strong>exaniabis,</strong></span> <span class='ocrx_word' id='word_1_205' title='bbox 388 2589 481 2650; x_wconf 89' lang='lat' dir='ltr'><strong>donec</strong></span> <span class='ocrx_word' id='word_1_206' title='bbox 503 2589 598 2649; x_wconf 89' lang='lat' dir='ltr'><strong>omnis</strong></span> <span class='ocrx_word' id='word_1_207' title='bbox 621 2608 652 2649; x_wconf 90' lang='lat' dir='ltr'><strong>se</strong></span> <span class='ocrx_word' id='word_1_208' title='bbox 674 2591 780 2649; x_wconf 90' lang='lat' dir='ltr'><strong>humor</strong></span> <span class='ocrx_word' id='word_1_209' title='bbox 803 2590 920 2649; x_wconf 83' lang='lat' dir='ltr'><strong>exiccet.</strong></span> <span class='ocrx_word' id='word_1_210' title='bbox 953 2593 983 2649; x_wconf 85' lang='lat' dir='ltr'><strong>et</strong></span> <span class='ocrx_word' id='word_1_211' title='bbox 1001 2590 1106 2649; x_wconf 90' lang='lat' dir='ltr'><strong>deinde</strong></span> <span class='ocrx_word' id='word_1_212' title='bbox 1122 2589 1188 2648; x_wconf 82' lang='lat' dir='ltr'><strong>aceto</strong></span> 
     </span>
     <span class='ocr_line' id='line_1_29' title="bbox 205 2677 1188 2757; baseline -0.004 -19"><span class='ocrx_word' id='word_1_213' title='bbox 205 2677 342 2738; x_wconf 84' lang='lat' dir='ltr'><strong>delavate</strong></span> <span class='ocrx_word' id='word_1_214' title='bbox 371 2677 424 2738; x_wconf 87' lang='lat' dir='ltr'><strong>bis.</strong></span> <span class='ocrx_word' id='word_1_215' title='bbox 478 2678 541 2738; x_wconf 89' lang='lat' dir='ltr'><strong>oleo</strong></span> <span class='ocrx_word' id='word_1_216' title='bbox 573 2698 609 2736; x_wconf 91' lang='lat' dir='ltr'><strong>ne</strong></span> <span class='ocrx_word' id='word_1_217' title='bbox 639 2679 786 2757; x_wconf 73' lang='lat' dir='ltr'><strong>tetigeris,</strong></span> <span class='ocrx_word' id='word_1_218' title='bbox 820 2698 858 2736; x_wconf 92' lang='lat' dir='ltr'><strong>ne</strong></span> <span class='ocrx_word' id='word_1_219' title='bbox 889 2697 1004 2738; x_wconf 84' lang='lat' dir='ltr'><strong>noceas.</strong></span> <span class='ocrx_word' id='word_1_220' title='bbox 1063 2680 1117 2738; x_wconf 93' lang='lat' dir='ltr'><strong>hoc</strong></span> <span class='ocrx_word' id='word_1_221' title='bbox 1142 2693 1188 2734; x_wconf 79' lang='lat' dir='ltr'><strong>ne</strong></span> 
     </span>
    </p>
   </div>
   <div class='ocr_carea' id='block_1_3' title="bbox 205 2762 1216 3108">
    <p class='ocr_par' dir='ltr' id='par_1_7' title="bbox 205 2762 1216 3108">
     <span class='ocr_line' id='line_1_30' title="bbox 205 2762 1187 2844; baseline -0.005 -20"><span class='ocrx_word' id='word_1_222' title='bbox 205 2766 371 2826; x_wconf 89' lang='lat' dir='ltr'><strong>dicamento</strong></span> <span class='ocrx_word' id='word_1_223' title='bbox 401 2785 470 2844; x_wconf 87' lang='lat' dir='ltr'><strong>ergo</strong></span> <span class='ocrx_word' id='word_1_224' title='bbox 499 2767 532 2825; x_wconf 91' lang='lat' dir='ltr'><strong>in</strong></span> <span class='ocrx_word' id='word_1_225' title='bbox 560 2767 665 2844; x_wconf 82' lang='lat' dir='ltr'><strong>plagas</strong></span> <span class='ocrx_word' id='word_1_226' title='bbox 695 2767 826 2826; x_wconf 90' lang='lat' dir='ltr'><strong>immisso</strong></span> <span class='ocrx_word' id='word_1_227' title='bbox 856 2770 886 2826; x_wconf 90' lang='lat' dir='ltr'><strong>et</strong></span> <span class='ocrx_word' id='word_1_228' title='bbox 915 2785 982 2826; x_wconf 90' lang='lat' dir='ltr'><strong>cum</strong></span> <span class='ocrx_word' id='word_1_229' title='bbox 1010 2768 1081 2826; x_wconf 91' lang='lat' dir='ltr'><strong>lana</strong></span> <span class='ocrx_word' id='word_1_230' title='bbox 1107 2762 1187 2826; x_wconf 86' lang='lat' dir='ltr'><strong>sucida</strong></span> 
     </span>
     <span class='ocr_line' id='line_1_31' title="bbox 206 2850 1216 2932; baseline -0.004 -18"><span class='ocrx_word' id='word_1_231' title='bbox 206 2856 319 2915; x_wconf 88' lang='lat' dir='ltr'><strong>calcato</strong></span> <span class='ocrx_word' id='word_1_232' title='bbox 357 2855 485 2915; x_wconf 78' lang='lat' dir='ltr'><strong>munibis</strong></span> <span class='ocrx_word' id='word_1_233' title='bbox 525 2857 619 2915; x_wconf 79' lang='lat' dir='ltr'><strong>strato</strong></span> <span class='ocrx_word' id='word_1_234' title='bbox 654 2855 835 2932; x_wconf 85' lang='lat' dir='ltr'><strong>iumentum,</strong></span> <span class='ocrx_word' id='word_1_235' title='bbox 872 2875 910 2914; x_wconf 90' lang='lat' dir='ltr'><strong>ne</strong></span> <span class='ocrx_word' id='word_1_236' title='bbox 947 2856 1084 2932; x_wconf 81' lang='lat' dir='ltr'><strong>ventilet,</strong></span> <span class='ocrx_word' id='word_1_237' title='bbox 1116 2850 1216 2913; x_wconf 68' lang='lat' dir='ltr'><strong>emon</strong></span> 
     </span>
     <span class='ocr_line' id='line_1_32' title="bbox 207 2943 1186 3022; baseline -0.002 -20"><span class='ocrx_word' id='word_1_238' title='bbox 207 2943 253 3002; x_wconf 89' lang='lat' dir='ltr'><strong>die</strong></span> <span class='ocrx_word' id='word_1_239' title='bbox 290 2944 396 3003; x_wconf 83' lang='lat' dir='ltr'><strong>solvito</strong></span> <span class='ocrx_word' id='word_1_240' title='bbox 433 2948 463 3003; x_wconf 80' lang='lat' dir='ltr'><strong>et</strong></span> <span class='ocrx_word' id='word_1_241' title='bbox 499 2946 601 3003; x_wconf 87' lang='lat' dir='ltr'><strong>curato</strong></span> <span class='ocrx_word' id='word_1_242' title='bbox 640 2964 676 3002; x_wconf 84' lang='lat' dir='ltr'><strong>ex</strong></span> <span class='ocrx_word' id='word_1_243' title='bbox 712 2944 814 3003; x_wconf 83' lang='lat' dir='ltr'><strong>eodem</strong></span> <span class='ocrx_word' id='word_1_244' title='bbox 849 2944 1080 3020; x_wconf 87' lang='lat' dir='ltr'><strong>medicamento,</strong></span> <span class='ocrx_word' id='word_1_245' title='bbox 1114 2943 1186 3022; x_wconf 70' lang='lat' dir='ltr'><strong>donec</strong></span> 
     </span>
     <span class='ocr_line' id='line_1_33' title="bbox 205 3032 1185 3108; baseline -0.005 -16"><span class='ocrx_word' id='word_1_246' title='bbox 205 3034 303 3092; x_wconf 88' lang='lat' dir='ltr'><strong>totum</strong></span> <span class='ocrx_word' id='word_1_247' title='bbox 325 3051 430 3092; x_wconf 89' lang='lat' dir='ltr'><strong>cancer</strong></span> <span class='ocrx_word' id='word_1_248' title='bbox 459 3032 560 3108; x_wconf 86' lang='lat' dir='ltr'><strong>cadat,</strong></span> <span class='ocrx_word' id='word_1_249' title='bbox 589 3036 620 3091; x_wconf 86' lang='lat' dir='ltr'><strong>et</strong></span> <span class='ocrx_word' id='word_1_250' title='bbox 650 3033 730 3092; x_wconf 83' lang='lat' dir='ltr'><strong>loteo</strong></span> <span class='ocrx_word' id='word_1_251' title='bbox 758 3033 843 3092; x_wconf 91' lang='lat' dir='ltr'><strong>caldo</strong></span> <span class='ocrx_word' id='word_1_252' title='bbox 871 3032 1019 3092; x_wconf 86' lang='lat' dir='ltr'><strong>delavato.</strong></span> <span class='ocrx_word' id='word_1_253' title='bbox 1064 3035 1116 3092; x_wconf 92' lang='lat' dir='ltr'><strong>hoc</strong></span> <span class='ocrx_word' id='word_1_254' title='bbox 1139 3045 1185 3087; x_wconf 80' lang='lat' dir='ltr'><strong>ine</strong></span> 
     </span>
    </p>
   </div>
   <div class='ocr_carea' id='block_1_4' title="bbox 206 3264 1184 3554">
    <p class='ocr_par' dir='ltr' id='par_1_8' title="bbox 206 3264 1184 3554">
     <span class='ocr_line' id='line_1_34' title="bbox 276 3264 1184 3343; baseline 0.002 -18"><span class='ocrx_word' id='word_1_255' title='bbox 276 3277 292 3325; x_wconf 79' lang='lat'>3</span> <span class='ocrx_word' id='word_1_256' title='bbox 311 3271 483 3328; x_wconf 86' lang='lat' dir='ltr'><strong>labraribus:</strong></span> <span class='ocrx_word' id='word_1_257' title='bbox 501 3273 536 3340; x_wconf 80' lang='lat' dir='ltr'><strong>cf.</strong></span> <span class='ocrx_word' id='word_1_258' title='bbox 550 3271 748 3326; x_wconf 83' lang='lat' dir='ltr'><strong>ferramentum</strong></span> <span class='ocrx_word' id='word_1_259' title='bbox 765 3272 909 3328; x_wconf 85' lang='lat' dir='ltr'><strong>labrosum</strong></span> <span class='ocrx_word' id='word_1_260' title='bbox 928 3273 999 3329; x_wconf 79' lang='lat' dir='ltr'><strong>Celsi</strong></span> <span class='ocrx_word' id='word_1_261' title='bbox 1007 3291 1038 3343; x_wconf 80' lang='lat' dir='ltr'><strong>p.</strong></span> <span class='ocrx_word' id='word_1_262' title='bbox 1047 3264 1184 3340; x_wconf 79' lang='lat' dir='ltr'><strong><em>310‚24D;</em></strong></span> 
     </span>
     <span class='ocr_line' id='line_1_35' title="bbox 206 3336 1168 3414; baseline 0.001 -17"><span class='ocrx_word' id='word_1_263' title='bbox 206 3344 238 3397; x_wconf 84' lang='lat' dir='ltr'><strong>de</strong></span> <span class='ocrx_word' id='word_1_264' title='bbox 255 3342 433 3412; x_wconf 86' lang='lat' dir='ltr'><strong>glabraribus</strong></span> <span class='ocrx_word' id='word_1_265' title='bbox 451 3345 551 3414; x_wconf 70' lang='lat' dir='ltr'><strong>cogitat</strong></span> <span class='ocrx_word' id='word_1_266' title='bbox 564 3344 592 3397; x_wconf 90' lang='lat' dir='ltr'><em>B</em></span> <span class='ocrx_word' id='word_1_267' title='bbox 608 3343 612 3414; x_wconf 83' lang='grc' dir='ltr'>Ι</span> <span class='ocrx_word' id='word_1_268' title='bbox 629 3359 691 3397; x_wconf 90' lang='lat' dir='ltr'><strong>eum</strong></span> <span class='ocrx_word' id='word_1_269' title='bbox 705 3346 714 3412; x_wconf 89' lang='lat' dir='ltr'>l</span> <span class='ocrx_word' id='word_1_270' title='bbox 731 3350 760 3396; x_wconf 94' lang='grc'><strong>11</strong></span> <span class='ocrx_word' id='word_1_271' title='bbox 775 3346 840 3398; x_wconf 87' lang='lat' dir='ltr'><strong>ruta</strong></span> <span class='ocrx_word' id='word_1_272' title='bbox 853 3346 863 3414; x_wconf 71' lang='lat' dir='ltr'>fl</span> <span class='ocrx_word' id='word_1_273' title='bbox 878 3349 910 3399; x_wconf 84' lang='lat'><strong>14</strong></span> <span class='ocrx_word' id='word_1_274' title='bbox 929 3343 1055 3412; x_wconf 72' lang='lat' dir='ltr'><strong>quidem</strong></span> <span class='ocrx_word' id='word_1_275' title='bbox 1073 3358 1132 3398; x_wconf 75' lang='lat' dir='ltr'><strong>corr.</strong></span> <span class='ocrx_word' id='word_1_276' title='bbox 1145 3336 1168 3390; x_wconf 84' lang='grc' dir='ltr'><strong><em>Β</em></strong></span> 
     </span>
     <span class='ocr_line' id='line_1_36' title="bbox 207 3407 1171 3484; baseline 0.001 -19"><span class='ocrx_word' id='word_1_277' title='bbox 207 3419 240 3466; x_wconf 79' lang='lat'><strong>17</strong></span> <span class='ocrx_word' id='word_1_278' title='bbox 258 3415 337 3479; x_wconf 71' lang='lat' dir='ltr'><strong>iufra</strong></span> <span class='ocrx_word' id='word_1_279' title='bbox 351 3418 406 3467; x_wconf 82' lang='lat'><strong>707</strong></span> <span class='ocrx_word' id='word_1_280' title='bbox 418 3416 473 3481; x_wconf 76' lang='grc'>1121</span> <span class='ocrx_word' id='word_1_281' title='bbox 489 3413 562 3467; x_wconf 90' lang='lat' dir='ltr'><strong>inter</strong></span> <span class='ocrx_word' id='word_1_282' title='bbox 576 3412 694 3482; x_wconf 81' lang='lat' dir='ltr'><strong>digitos:</strong></span> <span class='ocrx_word' id='word_1_283' title='bbox 712 3430 779 3469; x_wconf 87' lang='lat' dir='ltr'><strong>corr.</strong></span> <span class='ocrx_word' id='word_1_284' title='bbox 795 3415 832 3483; x_wconf 85' lang='lat' dir='ltr'><strong>B,</strong></span> <span class='ocrx_word' id='word_1_285' title='bbox 850 3416 885 3482; x_wconf 82' lang='lat' dir='ltr'><strong>cf.</strong></span> <span class='ocrx_word' id='word_1_286' title='bbox 900 3432 930 3484; x_wconf 79' lang='lat' dir='ltr'><strong>p.</strong></span> <span class='ocrx_word' id='word_1_287' title='bbox 943 3418 1010 3481; x_wconf 73' lang='lat'><strong>218,</strong></span> <span class='ocrx_word' id='word_1_288' title='bbox 1024 3417 1080 3484; x_wconf 71' lang='grc'>1211</span> <span class='ocrx_word' id='word_1_289' title='bbox 1092 3418 1122 3466; x_wconf 74' lang='lat' dir='ltr'><strong>cl</strong></span> <span class='ocrx_word' id='word_1_290' title='bbox 1137 3407 1171 3462; x_wconf 70' lang='lat' dir='ltr'><strong>etl</strong></span> 
     </span>
     <span class='ocr_line' id='line_1_37' title="bbox 207 3481 1044 3554; baseline 0.008 -22"><span class='ocrx_word' id='word_1_291' title='bbox 207 3487 240 3533; x_wconf 80' lang='lat'><strong>25</strong></span> <span class='ocrx_word' id='word_1_292' title='bbox 258 3485 398 3550; x_wconf 65' lang='lat' dir='ltr'><strong>vene1128</strong></span> <span class='ocrx_word' id='word_1_293' title='bbox 417 3481 508 3535; x_wconf 91' lang='lat' dir='ltr'><strong>oleum</strong></span> <span class='ocrx_word' id='word_1_294' title='bbox 521 3485 530 3550; x_wconf 80' lang='grc' dir='ltr'><strong>ΙΙ</strong></span> <span class='ocrx_word' id='word_1_295' title='bbox 545 3489 578 3536; x_wconf 84' lang='grc'><strong>30</strong></span> <span class='ocrx_word' id='word_1_296' title='bbox 596 3482 738 3537; x_wconf 89' lang='lat' dir='ltr'><strong>munibus:</strong></span> <span class='ocrx_word' id='word_1_297' title='bbox 757 3499 824 3539; x_wconf 76' lang='lat' dir='ltr'><strong>corr.</strong></span> <span class='ocrx_word' id='word_1_298' title='bbox 840 3485 868 3537; x_wconf 92' lang='lat' dir='ltr'><strong><em>B</em></strong></span> <span class='ocrx_word' id='word_1_299' title='bbox 884 3489 888 3554; x_wconf 85' lang='grc' dir='ltr'>Ι</span> <span class='ocrx_word' id='word_1_300' title='bbox 904 3485 1044 3540; x_wconf 80' lang='lat' dir='ltr'><strong>ventidiet</strong></span> 
     </span>
    </p>
   </div>
   <div class='ocr_carea' id='block_1_5' title="bbox 0 0 1242 3910">
    <p class='ocr_par' dir='ltr' id='par_1_9' title="bbox 0 0 1242 3910">
     <span class='ocr_line' id='line_1_38' title="bbox 0 0 1242 3910; baseline 0 0"><span class='ocrx_word' id='word_1_301' title='bbox 0 0 1242 3910; x_wconf 95' lang='lat' dir='ltr'><strong> </strong></span> 
     </span>
    </p>
   </div>
  </div>
 </body>
</html>
