2470 3902
200 159 482 215 MULOMEDIOINA
500 158 671 215 00100010
690 167 832 216 roo-204
978 161 1017 225 61

41 310 83 367 eius
103 313 286 385 remaneant,
309 311 447 370 conditur
479 305 483 390 Ι
516 312 618 370 eodem
640 312 745 387 modu,
773 316 809 371 ut
835 313 1022 387 pulmentum
1047 315 1152 372 116'a

39 399 77 456 sub
100 399 216 457 tritum:
249 400 388 459 similiter
418 403 454 459 ut
486 419 571 459 cocus
599 401 718 459 condire
751 402 828 461 solet
858 402 1020 477 liquamine

38 488 129 561 optimc
151 490 181 546 et
202 508 284 548 mero
308 492 339 546 et
362 490 426 549 oleo
450 491 481 548 et
503 490 623 565 piperis,
648 490 727 564 quod
750 490 823 548 satis
845 491 944 548 fuerit.
982 492 1022 549 sit

37 576 91 634 haec
122 577 203 653 potio
240 578 395 636 abundans
432 579 470 637 ad
506 579 636 637 sextaria
668 579 722 636 HI.
776 599 812 636 ex
847 597 906 653 qua
938 579 1022 638 dabis

12 665 137 743 tragulis
160 666 198 724 ad
221 667 336 725 cotulas
359 666 454 741 binas,
478 686 630 743 quousque
653 667 750 727 morbi
772 667 937 726 vincantur.

85 755 133 812 alii
146 755 265 830 quidem
280 756 417 814 dixenmt
432 757 563 815 catulum
577 757 740 814 lactantem
753 757 881 814 occisum
894 757 1022 830 pilatum
1041 757 1099 812 200

36 847 210 902 exenteratum
232 845 295 902 sine
318 845 469 903 intestinis
493 845 646 903 decoctum
668 845 700 902 in
723 863 812 920 aqua,
836 845 974 902 similiter
992 846 1022 904 in

36 933 117 990 eadem
130 951 207 1008 aqua
221 933 347 992 mixtum
361 934 429 1010 mel,
444 934 523 1009 quod
537 935 610 991 satis
624 934 751 1008 videtur,
766 953 801 992 ex
816 953 850 992 eo
865 934 1022 1008 potionare

35 1021 162 1081 morbidos
185 1025 329 1097 oportere.
362 1023 437 1080 facit
455 1025 485 1082 et
502 1023 571 1082 hoc:
595 1022 754 1080 haedinum
777 1025 868 1096 caput
886 1025 917 1080 et
934 1023 1024 1097 pedes

12 1108 57 1170 ein
77 1130 148 1185 aqua
173 1113 271 1186 cocta,
294 1112 387 1170 donec
408 1130 475 1171 ossa
499 1114 686 1185 remaneant,
713 1111 864 1170 conditum
886 1111 1025 1169 similiter

36 1201 60 1254 ut
78 1199 314 1275 pulmentarium,
337 1201 414 1259 sicut
435 1201 468 1258 in
490 1201 590 1259 catulo
614 1200 822 1259 demonstravi.
865 1220 901 1258 ex
921 1200 1024 1259 eodem

36 1288 163 1359 potionati
188 1288 318 1347 morbidi
344 1289 466 1347 liberari
494 1290 599 1348 solent.
640 1289 718 1346 idem
747 1289 884 1348 similiter
911 1290 1024 1366 gallum

37 1376 209 1451 gallinacium
231 1378 331 1435 album
354 1378 507 1436 decoctum
529 1377 561 1435 in
579 1378 731 1452 potionem
749 1377 842 1452 dabis,
866 1379 943 1436 sicut
961 1397 983 1437 s.
1002 1397 1024 1436 s.

87 1465 222 1525 adversus
254 1467 366 1525 maleos
399 1485 538 1526 acronum
570 1465 724 1541 porcinum
760 1467 791 1523 in
823 1467 943 1541 ptisana
975 1468 1024 1525 de·
1043 1467 1099 1521 201

12 1555 142 1630 boeotum,
164 1555 257 1614 donec
280 1573 347 1614 ossa
366 1556 428 1614 cius
447 1558 629 1629 remaneant,
652 1575 687 1612 ex
706 1554 808 1614 eodem
827 1573 929 1613 sucum
947 1556 1025 1614 cola-

36 1643 87 1699 tum
99 1644 227 1703 admixto
241 1645 328 1703 melle
344 1647 373 1702 et
387 1645 485 1702 oleum
498 1644 653 1719 potionare
671 1645 797 1719 oportet.
830 1644 904 1702 facit
918 1647 948 1701 et
960 1646 1024 1703 hoc.

37 1730 199 1805 titymallum
218 1733 350 1792 radicem
367 1734 399 1792 in
416 1734 487 1792 vino
506 1733 587 1791 dulci
606 1734 759 1792 decoctum
773 1733 862 1790 datur
874 1733 1025 1791 morbidis

38 1821 186 1880 cucurbitae
213 1821 381 1899 Aegyptiae
406 1839 505 1880 semen
531 1821 652 1880 frictum
674 1821 705 1878 in
728 1821 798 1881 vino
817 1821 955 1880 similiter
978 1822 1026 1879 de-

38 1911 133 1968 coctum
155 1911 277 1985 prodest
298 1912 330 1968 in
352 1911 473 1986 potione
497 1911 567 1968 dare
590 1910 740 1970 morbidis.
785 1910 833 1969 vel
863 1911 1026 1969 cucumeris

13 1996 170 2058 talvatioae
184 2000 315 2058 radicem
328 2001 477 2059 concisam
494 1999 633 2057 minutim
647 2018 714 2057 cum
728 1999 878 2058 absinthio
896 2000 928 2056 in
947 2018 1026 2074 aqua

38 2083 170 2146 decoctum
196 2089 328 2148 admixto
354 2090 432 2147 nitro
459 2091 490 2148 et
513 2089 601 2147 melle
626 2089 779 2163 potionem
805 2088 875 2145 dare
900 2091 1025 2163 oportet.

37 2175 104 2234 ualde
125 2177 206 2252 facit,
230 2177 254 2235 si
278 2198 314 2235 ex
332 2179 435 2236 eadem
452 2178 551 2236 radice
569 2178 707 2235 minutim
727 2176 845 2235 concisa
863 2177 894 2235 in
913 2177 1024 2236 cibaria
1044 2177 1100 2234 202

38 2261 67 2319 eis
78 2265 263 2340 admiscetur,
278 2269 308 2324 et
322 2267 347 2324 si
361 2267 473 2324 nitrum
487 2268 642 2325 contusum
657 2268 688 2324 00
697 2265 855 2323 eriblatum
868 2267 900 2323 in
914 2266 1026 2325 cibaria

39 2352 182 2430 misceatur,
201 2355 338 2413 omnibus
357 2355 606 2430 quadrupedibus,
625 2354 784 2429 quodquod
801 2356 915 2432 ungula
929 2356 1025 2415 solida

14 2440 139 2502 tealcant.
184 2443 281 2502 omnis
303 2445 423 2503 morbus
447 2445 558 2502 maleos
583 2447 613 2501 et
636 2437 732 2502 omnis
760 2443 940 2502 inbecillitas
963 2463 1025 2502 cor-

37 2531 96 2598 peris
118 2533 239 2610 fugiunt
262 2535 293 2590 et
316 2533 380 2591 sani
403 2551 518 2607 semper
540 2533 572 2590 in
595 2531 732 2607 operibus
755 2533 979 2607 permanebunt.

84 2620 120 2678 ad
140 2621 321 2696 profluvium
343 2621 478 2680 Atticum
501 2641 554 2695 per
576 2639 663 2678 nares
685 2621 881 2696 profluentem
905 2623 935 2678 et
957 2621 1022 2695 pul-
1042 2621 1099 2675 203

40 2710 112 2767 nouis
125 2710 263 2768 similiter
276 2711 414 2768 humores
428 2713 559 2768 statuere
574 2709 696 2768 mirifice
710 2711 784 2768 facit
797 2710 880 2784 potio
896 2729 931 2767 ex
945 2709 1024 2767 loteo

40 2797 122 2862 putido
140 2799 179 2857 ad
196 2799 312 2858 cotulas
330 2799 404 2857 duas
423 2819 490 2858 cum
504 2798 570 2857 oleo
583 2817 703 2857 rosaceo
719 2800 831 2857 ciatum
844 2818 936 2855 unum
949 2798 1023 2855 mix·

18 2883 84 2942 ”tum
104 2907 156 2962 per
176 2905 265 2946 nares
288 2889 452 2962 potionare.
501 2888 575 2946 haec
602 2906 649 2945 res
677 2887 854 2962 profluvium
884 2888 1025 2945 statuent.

86 2979 204 3052 propter
231 2976 367 3035 morbum
393 2977 609 3049 imminentem,
642 2996 678 3033 00
706 2995 765 3050 qua
797 2976 930 3033 iumenta
958 2994 1024 3033 oon·
1044 2975 1101 3029 204

43 3056 118 3138 tingat
138 3065 272 3140 morbus,
296 3065 349 3139 qui
372 3065 542 3140 appellatur
564 3065 690 3139 maleos,
718 3063 852 3121 dabimus
875 3064 1026 3138 potionem

92 3240 106 3286 4
122 3236 178 3288 ΙΙΙ
179 3256 187 3288 .·
196 3235 242 3288 VI
252 3234 314 3304 ch.
329 3236 367 3302 117
382 3236 587 3288 exteneratum:
606 3249 673 3288 corr.
689 3234 716 3285 B
733 3234 736 3300 Ι
752 3231 782 3284 in
796 3249 865 3300 qua:
880 3234 969 3301 suppl.
980 3232 1026 3305 Bit

45 3297 116 3374 chp.
130 3307 151 3359 I
160 3310 252 3376 17,17
265 3307 275 3374 ΙΙ
290 3311 322 3358 12
337 3305 369 3358 iu
381 3322 466 3375 uturp.
487 3305 564 3359 aliud
578 3308 587 3374 ll
603 3311 636 3357 14
652 3305 713 3373 ch.
733 3304 828 3368 1128,
838 3308 874 3357 17
887 3306 896 3372 ΙΙ
912 3308 944 3356 lu
959 3303 1026 3373 tyti-

45 3370 135 3428 Ι1011ιο0
153 3376 302 3448 gracilem:
325 3375 449 3430 radicem
468 3420 474 3431 .
490 3421 496 3432 .
513 3419 519 3431 .
537 3374 682 3444 tithymali
703 3417 751 3429 ...
773 3374 839 3428 dare
859 3376 1027 3430 ...suadet

45 3439 75 3498 (⁸⁶.
90 3444 193 3518 chiron)
217 3448 280 3518 ch.
299 3448 321 3500 I
333 3451 379 3513 17,
388 3451 425 3502 18
438 3449 448 3516 ΙΙ
463 3453 495 3501 18
519 3448 580 3517 ch.
596 3448 617 3499 I
626 3449 671 3512 17,
682 3449 699 3498 7
712 3447 721 3515 ΙΙ
736 3451 769 3498 22
787 3445 938 3502 minutum:
958 3465 1025 3503 corr.

47 3506 119 3580 31123
136 3520 167 3573 ia
183 3536 270 3589 marry.
290 3521 415 3588 0001127
440 3519 501 3588 ch.
521 3519 542 3570 Ι
557 3521 715 3586 10190131
742 3518 802 3588 ch.
821 3519 844 3570 I
857 3523 894 3572 18
