2512 3906
187 169 233 234 40
378 167 660 224 MULOMEDIOENA
679 166 849 222 cflffloms
870 171 1009 220 rur-12⁷

187 317 281 380 hebet
302 320 334 378 et
354 317 485 378 testiculi
508 318 571 378 eius
593 317 752 376 tumebnnt
773 320 804 375 et
821 336 915 376 venae
937 335 1038 376 omnes
1063 316 1186 390 astituat

188 427 259 468 nem
276 408 382 484 plenae
401 425 502 466 omnes
521 409 590 466 sunt
608 406 751 484 sanguine
775 409 806 464 et
827 406 994 465 ertumidne
1018 408 1094 466 sunt.

112 493 171 552 124
257 497 292 554 de
328 496 458 556 febribus
489 495 650 554 interaneis
681 495 724 554 sic
757 512 879 554 rnurnx
911 495 1037 569 scripsit.
1099 494 1122 553 si
1150 494 1187 551 iu·

189 587 323 644 mentum
337 585 375 644 ab
392 584 583 644 interioribus
597 583 757 660 febricitat,
774 585 847 642 haec
865 584 952 661 signs
971 586 1064 642 erunt.
1101 583 1188 644 cibum

189 693 250 734 non
273 677 336 734 tam
358 674 479 734 modum
502 673 625 733 solitum
648 672 774 748 accipiet
799 691 853 732 nec
880 673 969 732 facile
996 672 1124 732 dormiet
1142 681 1216 729 nect

190 765 254 822 tam
272 763 400 822 libenter
419 763 502 821 bibet
524 764 555 820 et
576 779 789 837 nonnunquam
811 761 867 820 ilia
889 761 1033 820 subducit.
1070 761 1096 820 si
1113 777 1187 820 nares

190 853 316 912 mundos
338 851 484 925 hebuerit,
507 851 552 908 ita
573 851 606 908 in
628 849 681 908 illo
705 867 771 925 spes
794 850 852 908 erit
873 849 1000 909 vivendi

113 941 172 997 125
257 957 449 1000 ronrcnnrus
473 940 664 998 demonstrat.
693 939 816 1014 siquod
833 938 1000 998 iumentum
1015 939 1189 998 interanean
1236 997 1237 1001 ,

189 1029 302 1088 febrem
324 1028 470 1102 habuerit,
494 1027 535 1086 sic
557 1027 715 1104 intelliges.
753 1027 874 1086 cottidie
898 1028 1029 1086 deterior
1043 1027 1103 1086 fiet
1142 1027 1189 1084 hoc

190 1120 236 1177 est
257 1117 383 1192 malms,
411 1117 490 1192 quod
513 1116 636 1192 dicitur,
662 1115 822 1174 subcutem.
869 1116 920 1192 qui
943 1115 1074 1176 ostendit
1096 1116 1218 1174 rnen-1·

189 1207 272 1266 culos
295 1206 327 1264 in
350 1205 439 1264 dorsu
462 1207 492 1264 et
511 1223 587 1280 qnos
603 1205 635 1262 in
653 1204 796 1264 lateribus
814 1205 933 1264 babent.
968 1205 1025 1264 hoo
1044 1207 1097 1280 est,
1121 1203 1190 1279 qnod
1237 1241 1238 1271 1

190 1295 309 1371 dicitur,
331 1294 437 1352 tussim
459 1293 613 1352 subcutem
633 1293 681 1352 bis
704 1311 766 1352 esse
789 1293 931 1354 morbum.
967 1293 1046 1352 unde
1067 1294 1190 1352 iumenta

190 1385 245 1442 aut
266 1383 358 1441 bores
379 1383 639 1458 deprehenduntur
661 1384 692 1440 et
713 1383 888 1442 moriuntur.
926 1382 968 1441 sic
989 1402 1057 1441 eum
1075 1381 1190 1441 curabis.

190 1471 366 1548 sangninem
385 1471 515 1530 emittite
534 1471 569 1530 de
588 1471 708 1531 cervice.
742 1471 767 1530 si
784 1490 845 1530 non
862 1471 1029 1547 profecerit,
1048 1471 1191 1546 potionem

190 1560 261 1619 dato
284 1560 395 1619 loteum
413 1561 575 1619 humanum
598 1562 630 1618 et
652 1558 811 1617 arietinum
834 1561 865 1617 et
888 1559 929 1618 sic
947 1560 1100 1634 potionem
1118 1560 1239 1618 dated

45 1643 56 1672 ²
115 1649 175 1705 126
259 1666 432 1709 romonum.
475 1648 570 1707 sicui
596 1649 728 1708 iumento
759 1648 850 1706 lebria
881 1648 1009 1706 molesta
1035 1649 1127 1707 inerit
1148 1667 1191 1705 au·
1238 1687 1239 1718 f

190 1740 308 1813 tumne,
347 1738 434 1814 signa
460 1740 529 1796 sunt
555 1738 637 1796 haec.
686 1737 867 1811 suscitatur,
896 1736 975 1795 oculi
1006 1737 1193 1796 lacrimantur
1238 1803 1239 1806 Ἴ

190 1830 222 1886 et
250 1829 318 1886 tcto
346 1845 467 1901 corpore
497 1825 607 1885 calebit
635 1844 689 1884 nec
718 1825 800 1884 cibus
829 1825 916 1884 illum
944 1825 1068 1884 iurabit
1114 1827 1144 1884 et
1171 1823 1192 1881 si

190 1919 312 1976 insanus
334 1916 432 1973 factus
450 1914 548 1991 fuerit,
571 1933 689 1973 neeesse
708 1917 753 1972 est
771 1914 808 1972 ab
828 1933 862 1972 eo
885 1914 987 1974 morbo
1010 1917 1121 1990 pereat
1157 1913 1193 1971 sic
1239 1981 1240 1986 η

191 2025 259 2064 eum
282 2006 394 2063 curato.
431 2003 606 2079 sanguinem
628 2002 758 2062 emittite
782 2003 819 2060 de
841 2003 963 2078 cervice,
985 2003 1033 2063 rel
1052 2003 1240 2078 quomodor,

190 2096 309 2167 tempus
333 2092 403 2150 anni
430 2091 530 2166 fuerit,
551 2092 601 2150 rel
622 2090 713 2150 tertio
735 2091 833 2168 gradu
850 2092 887 2149 de
904 2092 1007 2168 palato
1027 2091 1193 2169 sangninem
1239 2133 1240 2144 ,

192 2180 331 2240 emittite.
353 2180 506 2255 petionem
516 2179 544 2238 ei
553 2179 722 2254 componito
736 2181 821 2238 hano.
851 2180 975 2240 herbum
993 2200 1075 2241 a...
1091 2179 1193 2239 nns-
1239 2247 1240 2250 Ἴ

192 2270 292 2347 ginem
313 2269 470 2328 sestarium
487 2287 589 2344 unum,
611 2269 751 2345 drogenti
768 2269 869 2344 pondo
881 2269 977 2328 uncis.
1014 2269 1088 2328 hsec
1102 2268 1195 2328 onmis

65 2360 173 2424 112‘b
196 2357 309 2434 pisabis
321 2357 429 2432 inpiis
447 2357 548 2434 lignee
571 2359 601 2416 et
623 2356 743 2416 cribello
767 2359 916 2417 cerneret
934 2377 969 2416 er
987 2376 1066 2433 aqna
1084 2346 1194 2435 munst

192 2450 224 2506 et
246 2447 311 2506 oleo
335 2446 499 2521 potionato.
545 2446 587 2504 sic
610 2464 715 2504 sanum
736 2445 796 2504 fiet.
1203 2449 1224 2494 ὓ

115 2541 171 2597 127
257 2552 458 2594 remoturus.
503 2534 528 2592 si
560 2535 640 2610 quod
670 2534 835 2593 iumentum
871 2537 985 2594 aestate
1012 2534 1196 2607 concaluerit,

193 2624 278 2702 signs
296 2625 368 2682 haec
388 2625 481 2682 erunt.
515 2626 597 2682 totus
622 2624 718 2699 sudat,
742 2623 854 2700 satagit
882 2623 1001 2697 inpactae
1022 2624 1148 2684 demisso
1169 2625 1195 2680 et

192 2715 291 2773 toturn
322 2715 413 2787 ceput
444 2712 534 2790 erigit
566 2715 598 2771 et
626 2715 811 2771 transmrsns
841 2712 1013 2771 ambulabit
1065 2713 1107 2772 sie
1134 2730 1194 2770 eum

192 2804 307 2862 curato.
350 2802 387 2860 de
414 2801 487 2860 coda
517 2821 553 2859 er
579 2802 718 2860 mediana
739 2820 816 2860 vena
844 2801 949 2860 metito
979 2801 1047 2876 plus
1074 2803 1135 2860 tres
1156 2799 1195 2858 di-

192 2891 271 2968 gitos
294 2890 331 2949 ab
354 2909 412 2949 ono
439 2892 493 2948 aut
516 2892 567 2949 4⁰¹
589 2892 620 2947 et
642 2890 670 2947 ei
698 2890 766 2948 inde
790 2889 965 2967 sanguinem
992 2889 1130 2950 emittite.
1173 2889 1225 2946 sta

265 3065 278 3112 1
299 3058 419 3114 salinum
437 3061 446 3130 ss
465 3065 482 3112 8
504 3059 566 3128 ch.
586 3060 625 3112 Π
639 3063 657 3112 3
673 3060 677 3127 Ι
697 3058 826 3113 olicletus
840 3059 849 3126 ll
868 3063 901 3110 12
920 3057 961 3110 hii
980 3074 1040 3112 esse
1059 3059 1170 3113 morbus

193 3136 227 3184 15
249 3130 356 3184 luteum
382 3133 392 3200 ΙΙ
420 3135 453 3183 16
477 3131 511 3196 cf.
540 3130 602 3200 ch.
626 3131 697 3183 114
722 3131 734 3200 ΙΙ
761 3134 792 3182 17
813 3129 970 3182 suscitatur
986 3155 1021 3174 =
1040 3130 1172 3184 oscitatur

194 3206 227 3255 19
251 3218 348 3257 sanus:
374 3202 463 3270 suppl.
482 3202 509 3255 L
534 3203 544 3270 ΙΙ
571 3207 604 3254 22
630 3215 759 3254 rosarum
782 3215 837 3252 sna
862 3199 974 3254 unciam
998 3201 1088 3270 suppl.
1113 3199 1171 3270 ch.

193 3277 390 3388 231s⁰istarium
408 3308 470 3376 sicu
484 3312 518 3360 rt
544 3307 606 3388 ch.
628 3307 667 3360 H
680 3309 697 3360 5
717 3307 732 3386 lt·
748 3311 780 3359 27
802 3305 880 3360 invio
897 3307 948 3361 aio:
967 3305 1084 3376 inguine
1102 3309 1143 3362 cel
1158 3304 1195 3386 in·

192 3384 298 3448 gmns‘l
314 3379 319 3446 Ι
335 3380 448 3448 sataget
476 3377 641 3432 salientibus
669 3393 762 3442 rems,
784 3379 916 3430 naturam
939 3377 1078 3432 minctum
1102 3375 1196 3432 simine

193 3448 318 3502 demittit
336 3448 373 3502 ad
391 3452 496 3502 terrem
520 3449 582 3518 ch.
601 3450 611 3516 ΙΙ
630 3454 663 3501 29
683 3447 788 3516 quoda:
811 3463 880 3502 cora
905 3448 967 3518 ch.
987 3450 1059 3516 falco
1073 3452 1082 3520 ΙΙ
1096 3455 1134 3504 80
1148 3447 1195 3502 sic:

192 3518 219 3573 si
237 3520 332 3572 eutem
350 3535 406 3572 non
424 3517 562 3572 inveneris
586 3519 647 3588 ch.
