2470 3902
185 157 227 222 58
371 155 653 212 MULOMEDIOINA
671 154 841 212 GHIRONIS
863 159 1002 210 188-192

108 307 166 364 188
184 307 301 366 ustione
324 308 462 366 vincitur.
506 307 551 366 ita
575 305 654 365 enim
676 308 724 366 hic
747 301 870 366 morbus
889 326 920 366 se
943 307 982 366 ad
1005 325 1128 383 corpora
1148 308 1185 364 in·

185 415 316 456 crescens
338 397 456 455 ustione
479 396 663 474 extinguitur
684 396 732 456 vel
760 396 912 474 sanguinis
935 396 1119 456 detractione
1140 396 1185 453 sic·

185 488 280 544 catur.
325 504 415 562 quare
438 485 573 544 iubemus
597 504 646 545 eos
673 485 705 543 in
729 504 834 562 agnini
856 485 959 560 proici,
981 489 1016 543 ut
1039 504 1142 544 auram
1161 487 1185 542 et

184 574 279 633 solem
308 575 389 651 passi
422 574 546 633 eandem
577 574 715 633 similiter
750 593 852 632 curam
884 574 925 632 eis
961 577 1131 649 praestent,
1157 577 1185 630 ut

184 663 264 722 ustio
293 667 325 722 et
354 664 507 740 sanguinis
537 663 690 722 detractio
742 663 788 722 sol
818 663 964 722 exurendo
995 681 1113 722 omnem
1139 663 1211 720 hur

184 771 297 811 morem
325 753 413 811 huius
443 752 538 811 morbi
568 753 697 827 exiccat,
727 770 800 810 aura
830 770 947 810 omnem
976 752 1185 827 corruptionem

185 841 316 918 corporis
340 844 370 899 et
391 841 568 917 plectoriam
591 841 744 917 sanguinis
768 843 798 899 et
819 841 952 899 humoris
970 833 1185 915 plenitudinem,

185 934 215 990 et
247 931 369 1008 stringit
401 930 516 1004 omnia,
550 947 625 1004 quae
658 945 694 987 ex
726 929 838 1004 duplici
869 930 985 988 ratione
1018 929 1116 988 calore
1146 928 1184 986 vel

183 1020 282 1097 rigore
310 1018 531 1093 concipiuntur,
561 1018 711 1077 contraria
741 1019 806 1076 sibi.
852 1017 1029 1076 alterutrum
1060 1018 1184 1077 omnibus

107 1108 165 1165 189
183 1108 270 1167 rebus
299 1108 463 1166 subvenuit.
509 1108 631 1182 prodest
654 1107 682 1165 ei
705 1127 775 1183 ergo
803 1125 936 1183 pascere,
950 1148 954 1153 -
970 1110 1018 1182 ut,
1049 1107 1119 1165 dum
1140 1125 1185 1182 per
1195 1117 1211 1155 1⁰

185 1196 426 1256 exercitationem
461 1195 559 1254 cibum
594 1215 722 1272 pascuae
759 1196 909 1271 accipiunt
947 1195 996 1254 vel
1028 1196 1110 1255 ocius
1140 1214 1185 1271 per

183 1285 420 1362 indigestionem,
443 1285 540 1343 minus
558 1285 697 1344 increscit
718 1285 851 1360 morbus3
874 1285 923 1344 vel
941 1284 1011 1342 dum
1029 1284 1185 1343 intentione

184 1392 311 1449 pascuae
326 1373 476 1432 adfectum
488 1374 570 1434 vitae
583 1373 751 1448 intendunt,
774 1395 810 1431 ex
831 1374 886 1431 illa
903 1373 1020 1432 ratione
1038 1373 1186 1432 tristitiem

183 1462 265 1520 illius
278 1462 375 1521 morbi
394 1462 561 1538 excludunt,
580 1463 651 1520 dum
669 1462 726 1538 ipsi
745 1463 802 1520 sibi
820 1463 925 1540 legunt
941 1462 1048 1520 herbas
1067 1479 1186 1537 pascuae

184 1551 365 1626 praemixtas
389 1554 419 1609 et
442 1570 495 1610 suo
519 1551 635 1627 corpori
659 1553 753 1627 aptas.
803 1551 882 1610 iuter
906 1551 1011 1626 quibus
1034 1554 1185 1626 utrumque
1196 1559 1212 1598 1⁵

184 1640 361 1718 contingunt
396 1641 526 1715 plurima
560 1641 710 1699 contraria
743 1640 871 1715 morbis,
908 1643 1053 1716 quactum
1089 1639 1187 1716 legrmt

182 1729 289 1788 herbas
311 1729 358 1787 illi
381 1730 484 1788 morbo
508 1729 682 1804 contrarias,
706 1733 736 1788 et
758 1728 837 1806 fugit
860 1747 878 1787 a
901 1729 1072 1803 corporibus
1092 1747 1185 1786 eorum

107 1818 164 1874 199
183 1819 311 1877 morbus,
349 1819 391 1876 sic
414 1837 502 1894 saepe
526 1817 591 1876 sani
613 1818 679 1877 fieri
702 1817 800 1876 solent
822 1837 840 1876 a
862 1835 973 1893 pascua
995 1836 1049 1892 per
1071 1817 1186 1894 longum

54 1909 160 1966 nofe
184 1909 309 1982 tempus
356 1925 463 1983 cosque
495 1909 614 1982 oportet
646 1909 676 1964 et
708 1906 856 1984 fumigare
888 1906 974 1964 rebus
1008 1906 1147 1965 austeris:
1180 1897 1183 1973 ἶ

184 1996 307 2072 origano
331 1997 441 2054 asinali
468 1999 498 2054 et
521 1995 639 2071 aspaltc
663 1998 694 2054 et
715 1995 918 2070 peucedanum
946 1998 976 2053 et
1005 1997 1139 2053 castoreo
1161 1993 1213 2050 on

183 2103 385 2159 oppoponacc.
446 2084 617 2160 potionibus
660 2103 776 2160 quoque
818 2084 928 2142 amaris
969 2085 1001 2142 et
1040 2083 1185 2142 catartiois

182 2173 430 2248 potionabuntur,
459 2193 513 2249 per
536 2192 626 2248 quam
657 2173 885 2232 amaritudinem
906 2171 1074 2230 amaritudo
1097 2170 1186 2231 morbi

183 2262 349 2338 expellitur.
386 2265 456 2320 sunt
476 2264 577 2320 autem
598 2262 673 2320 haec
695 2262 831 2337 potiones
854 2261 933 2320 infra
956 2261 1092 2336 scriptae,
1116 2278 1185 2337 quae

183 2350 285 2409 morbo
309 2351 421 2409 maleos
444 2353 577 2426 prosunt.

104 2437 161 2495 191
247 2439 321 2497 item
338 2440 486 2498 rationem
507 2439 596 2497 huius
624 2438 733 2513 morbi,
759 2439 837 2497 unde
869 2439 1016 2513 nascitur,
1043 2438 1214 2513 inquireres

181 2528 330 2586 debemus.
365 2528 454 2586 multi
473 2528 610 2586 dixenmt
633 2545 669 2587 ec
692 2527 906 2605 defatigatione
930 2530 983 2586 aut
1001 2547 1037 2586 ex
1054 2527 1122 2586 feno
1139 2527 1186 2584 aut

181 2637 217 2675 ex
230 2617 341 2694 frigore
357 2620 410 2676 aut
423 2637 458 2676 ex
477 2617 537 2677 alia
555 2617 658 2692 aliqua
671 2616 816 2692 plectoria
834 2618 912 2675 hunc
930 2616 1066 2674 morbum
1078 2615 1186 2674 maleos

182 2707 272 2764 nasci.
295 2707 405 2764 falsum
414 2709 445 2764 et
456 2707 553 2764 minus
563 2705 747 2781 probabilem
756 2705 903 2764 rationem
913 2706 1058 2780 dixerunt,
1073 2703 1185 2780 quando

181 2814 216 2852 ex
234 2795 281 2853 his
300 2795 435 2854 omnibus
455 2795 579 2872 singulis
599 2813 620 2854 s.
636 2814 658 2853 s.
676 2796 762 2853 rebus
780 2795 893 2853 multae
911 2794 1091 2853 valitudines
1109 2791 1186 2851 nasci

180 2884 338 2943 manifeste
360 2884 560 2944 inveniuntur.
605 2883 726 2960 propria
754 2886 854 2941 autem
882 2883 961 2942 ratio
984 2883 1073 2940 huius
1096 2878 1214 2940 morbi³⁰

145 3035 147 3038 ,
181 2973 320 3032 nascendi
342 2973 416 3032 haec
440 2975 484 3031 est
508 2992 542 3030 ex
570 2975 765 3031 catastamate
793 2972 869 3031 aeris
897 2974 928 3029 et
950 2971 1185 3047 coinquinatione

181 3062 323 3136 pestifera
347 3065 449 3120 austro
471 3065 561 3120 vento
580 3061 679 3119 flante.
717 3061 820 3119 statim
839 3061 935 3137 magis
954 3060 1077 3136 spiritus
1095 3057 1185 3118 conci·

104 3149 162 3204 loa
180 3151 263 3224 pitur
285 3169 303 3208 a
326 3151 466 3225 pulmone
485 3153 516 3208 et
533 3150 565 3207 in
583 3150 727 3228 sanguine
745 3149 878 3208 nascitur
900 3150 948 3208 hic
967 3149 1109 3208 omnibus.
1141 3147 1185 3204 de-

252 3301 536 3372 3curamss8calor·
555 3303 617 3371 sicli
632 3306 665 3354 16
684 3317 770 3368 quam
789 3304 851 3354 tum
873 3303 882 3372 [1
907 3306 939 3354 19
963 3300 1161 3371 Ve9.119,2

181 3389 253 3440 quae
280 3375 289 3442 ΙΙ
317 3378 351 3426 20
375 3373 477 3426 aemuli
503 3376 512 3444 ΙΙ
539 3379 574 3425 24
602 3375 633 3426 ia
659 3389 744 3443 marg.
773 3372 847 3427 unde
874 3372 1021 3440 proveniat
1047 3371 1152 3424 maleoe

181 3447 215 3496 25
230 3443 374 3513 Ve9.117,
387 3448 405 3496 4
418 3446 428 3512 l
442 3449 476 3497 26
486 3446 515 3498 et
528 3447 537 3514 l
555 3448 589 3496 29
603 3459 647 3496 res
660 3444 670 3512 ΙΙ
684 3448 717 3496 31
736 3444 923 3498 catastamate
934 3469 967 3490 =
978 3443 1159 3498 catastemate
1176 3470 1179 3509 2

180 3518 214 3565 32
229 3513 333 3583 magis:
352 3513 461 3567 malus?
475 3516 484 3584 ΙΙ
499 3520 532 3568 33
551 3513 651 3568 ovibus
