2474 3910
194 182 258 246 246
382 180 665 237 MULOMEDIOINA
684 181 853 237 cHIRONIs
873 187 1013 236 usu-ass

119 332 174 389 795
259 333 393 392 iumento
416 335 451 391 ut
472 333 622 392 maculam
640 333 740 391 albam
759 333 861 392 facias.
898 332 1030 390 iumento
1049 333 1084 389 nt
1103 329 1192 388 sibam

191 421 340 480 maculam
363 415 457 482 facias
481 440 599 497 quoquo
627 421 707 498 loco,
736 421 837 480 fabam
865 420 928 480 sine
956 421 1018 480 sale
1043 437 1148 496 coques
1168 422 1193 477 et

192 511 354 570 ferventem
383 511 521 587 inpones,
554 513 590 569 ut
623 510 702 586 pilus
733 511 828 570 cadat.
882 529 950 568 eum
979 510 1079 568 locum
1107 509 1193 584 lipara

192 599 319 659 curabis.
364 601 420 659 hoc
434 599 534 678 {facies
557 602 588 658 et
610 599 636 658 si
658 599 787 659 volueris
811 599 941 658 calidum
962 598 1070 658 facere.

117 689 173 744 796
259 687 416 747 Oollirio
436 688 481 746 ad
504 689 621 747 omnia
644 688 738 747 vitia
767 687 950 747 oculorum
979 688 1067 746 haec
1095 687 1223 744 eructa

259 776 609 855 oculariumVibianum
631 777 814 836 ordinarium
841 777 880 834 ad
903 795 988 835 omne
1019 793 1115 854 genus
1136 773 1195 834 uitii

191 866 345 926 oculorum
366 869 485 942 praeter
508 866 547 924 ad
570 867 728 925 clancoma.
766 865 845 925 croci
868 865 960 924 Siculi
983 883 1005 945 p
1029 879 1065 945 g,
1088 881 1194 922 murrae

190 955 352 1032 trigonitae
384 953 474 1034 put,
512 954 697 1031 opobalsami
732 955 871 1014 Iudaicae
903 967 1002 1036 Η,
1039 953 1114 1014 salis
1144 971 1196 1010 am-

190 1043 319 1102 moniaci
356 1041 454 1122 pk,
481 1043 581 1120 lepida
617 1043 769 1120 Campana
801 1061 892 1122 pau,
920 1043 1060 1102 cadmeae
1090 1041 1196 1118 Cyprea

190 1149 221 1211 p.
239 1149 289 1206 1-1,
317 1149 415 1192 ossum
438 1133 538 1209 sepiae
560 1151 590 1212 p.
610 1151 658 1208 h«,
682 1133 803 1192 alotocii
825 1131 924 1208 pondo
944 1161 991 1212 ᾗ,
1022 1131 1124 1190 mellis
1150 1131 1196 1190 At
1206 1145 1224 1186 11

189 1221 244 1279 tici
257 1238 289 1299 p.
307 1220 393 1296 libra,
415 1221 527 1297 piperis
545 1221 607 1280 albi
625 1221 725 1297 pondo
743 1253 790 1302 ᾖ,
813 1221 924 1297 piperis
942 1219 1022 1298 nigri
1041 1219 1143 1296 pondo
1158 1250 1196 1298 ᾖ,

188 1309 299 1384 piperis
322 1310 405 1387 longi
427 1311 526 1386 pondo
547 1341 593 1392 ᾗ,
616 1311 678 1370 vini
700 1310 821 1369 Marsici
855 1309 934 1385 quod
961 1307 1082 1368 sufficit.
1133 1309 1196 1366 haec

189 1398 290 1456 omnia
312 1398 386 1456 trita
408 1398 482 1457 bene
506 1401 537 1458 et
559 1398 714 1458 cribellata
733 1418 800 1458 oum
820 1399 919 1473 fuerit,
942 1400 1062 1474 repetes
1080 1417 1119 1456 ex
1137 1397 1196 1456 vino

188 1486 330 1560 Marsico,
353 1489 446 1564 teres,
474 1488 566 1546 donec
588 1488 662 1546 bene
686 1488 747 1546 sint
768 1487 856 1564 trita,
879 1489 985 1562 postea
1006 1487 1069 1546 mel
1093 1486 1195 1545 adicies

191 1578 221 1634 et
244 1575 286 1635 sic
309 1575 444 1635 miscebis
468 1579 498 1635 et
520 1577 621 1636 uteris.
1206 1589 1223 1628 1⁵

115 1668 169 1724 797
256 1665 410 1724 oculorum
439 1665 576 1741 quotiens
605 1666 724 1725 tmicae
752 1665 941 1725 vehementer
967 1666 1096 1724 vexatae
1127 1665 1195 1724 sunt.

190 1754 286 1812 thuris
308 1753 435 1814 masculi
458 1755 537 1830 quod
559 1755 697 1832 volueris,
721 1775 757 1812 ex
779 1773 813 1812 eo
836 1753 949 1829 polline
968 1753 1062 1812 facies
1081 1756 1114 1812 et
1131 1753 1196 1811 folia

188 1841 276 1900 fabae
300 1843 575 1919 quamplurimum
596 1844 700 1903 viridis
724 1846 755 1902 et
781 1841 905 1900 bulbum
930 1843 1035 1918 aequis
1059 1842 1194 1920 partibus.

190 1931 317 1990 conteris
341 1934 442 1990 autem
464 1931 520 1991 sibi
549 1933 673 2008 quisque
697 1935 727 1990 et
749 1931 862 1991 misces.
909 1952 945 1990 ex
967 1951 1002 1990 eo
1026 1933 1140 2010 inunge
1157 1930 1195 1988 bis

189 2019 221 2077 in
244 2019 301 2094 die,
324 2020 416 2079 donec
439 2024 545 2081 coeant
567 2041 603 2079 ca
626 2039 702 2096 quae
724 2023 814 2096 rupta
837 2022 913 2080 sunt.
1203 2031 1222 2072 2⁰

255 2108 329 2167 item
341 2110 374 2167 c‘o
387 2109 557 2168 huiusmodi
565 2110 761 2169 valitudinem
770 2109 1019 2168 sementationem
1029 2107 1195 2186 fenugraeci

160 2227 161 2230 ¹
190 2197 351 2254 camanum
368 2217 469 2273 unum,
487 2201 573 2258 rutae
591 2219 621 2256 m
636 2199 672 2257 ·I
695 2218 731 2256 ex
753 2217 832 2274 aqua
850 2197 1019 2257 cisternina.
1057 2197 1194 2272 decoques

190 2285 232 2343 sic
255 2287 286 2343 et
307 2285 376 2344 inde
400 2287 556 2346 suffimdes.

116 2378 172 2434 798
258 2374 297 2432 ad
326 2393 498 2450 percussum
537 2375 668 2452 oculum,
708 2375 788 2451 quod
819 2375 1004 2436 claucomam
1041 2373 1193 2432 induxerit

188 2462 296 2522 mimae
311 2463 437 2540 agrestis
451 2482 482 2543 p.
496 2479 529 2544 ς,
549 2465 619 2523 sah's
637 2465 814 2523 ammoniaci
827 2483 859 2543 p.
869 2497 922 2539 -.-,
941 2465 1020 2524 croci
1038 2463 1138 2539 pondo
1147 2473 1222 2533 -.†‚²⁵

189 2551 372 2627 opobalsami
392 2566 461 2632 ps
483 2553 629 2628 ...quod
647 2553 720 2612 satis
740 2556 792 2613 est.
830 2554 903 2612 haec
922 2554 1022 2612 omnia
1041 2552 1195 2629 diligenter

188 2641 219 2698 in
243 2643 386 2700 mortario
409 2643 496 2717 teres,
519 2641 611 2700 donec
633 2642 697 2700 lece
719 2641 801 2700 fiant.
848 2662 883 2700 ex
906 2661 939 2700 eo
962 2642 1096 2718 inunges.

55 2735 165 2794 149²b
255 2729 408 2789 claucoma
435 2724 440 2808 Ι
467 2731 493 2789 si
516 2749 545 2790 se
569 2730 742 2807 profuderit
791 2731 966 2808 sanguinem
988 2731 1016 2788 ei
1039 2729 1158 2788 emittas
1178 2746 1193 2784 a

189 2818 370 2896 temporibus
394 2822 424 2878 et
446 2838 525 2895 aqua
547 2819 658 2897 frigida
685 2819 799 2879 fovebis
827 2822 857 2877 et
875 2821 978 2895 postea
1000 2819 1138 2896 inungito
1161 2817 1193 2874 de

190 2906 292 2966 eodem
316 2907 441 2984 collirio,
462 2908 541 2984 quod
563 2909 642 2966 iufra
666 2905 715 2986 [s]
732 2925 754 2966 s.
772 2911 826 2967 est.
862 2908 986 2967 nitrium
1010 2911 1040 2966 et
1061 2921 1223 2983 spumama

189 2997 334 3055 conterito
358 2999 388 3054 et
411 2997 509 3056 caldos
532 2999 631 3056 oleum
654 2999 684 3055 et
705 2997 858 3074 permiscis
886 2998 916 3055 et
943 3017 979 3055 ex
1002 3017 1036 3055 eo
1063 2997 1191 3073 inunges,

188 3085 316 3143 maxime
349 3085 374 3143 si
405 3104 506 3144 recens
537 3086 646 3145 vitium
676 3086 775 3144 fuerit.
829 3086 1000 3161 frequenter
1032 3084 1125 3143 uteris
1158 3083 1191 3140 ad

187 3176 335 3232 recentem
357 3172 459 3233 album
481 3178 512 3233 et
538 3192 708 3251 percussum
736 3164 797 3251 opii
824 3174 923 3251 pondo
941 3207 994 3250 —.-,
1016 3173 1111 3233 thuris
1134 3189 1190 3230 ma·

189 3262 263 3320 sculi
281 3261 380 3338 pondo
399 3295 452 3339 -.-‚
485 3263 671 3339 opobalsami
688 3263 787 3340 pondo
806 3295 859 3337 -.-‚
882 3263 979 3336 meliis
1002 3261 1092 3322 Attici
1112 3280 1143 3340 p.
1165 3281 1189 3337 ς.

255 3400 271 3446 3
283 3394 432 3448 ferventim
441 3395 451 3466 11
465 3394 571 3449 4cubis
581 3396 736 3450 calidum:
746 3395 982 3465 λευκομέτωπονΒ
992 3397 1027 3470 115
1039 3393 1175 3449 collirium

191 3468 205 3514 7
221 3461 368 3516 clauconia
386 3467 395 3532 ΙΙ
414 3469 481 3532 811.
491 3466 661 3536 armoniaoil
686 3473 719 3521 10
734 3467 850 3521 alcromi
863 3471 872 3538 ΙΙ
888 3473 919 3521 19
934 3465 1077 3538 inungebis
1091 3467 1102 3534 11
1117 3471 1150 3519 21
1165 3465 1190 3516 in
1234 3481 1235 3508 1

190 3532 288 3584 addidi
301 3533 311 3600 ΙΙ
325 3535 655 3606 26armoniaci1127lene
670 3537 716 3609 129
726 3538 892 3608 timporibus
905 3541 908 3611 1
919 3541 1002 3610 posta
1010 3540 1020 3611 ΙΙ
1028 3542 1059 3592 33
1068 3537 1192 3590 recenter
