2474 3910
204 145 268 208 212
390 142 672 198 MULOMEDIOINA
690 142 859 198 cfflROle
877 148 1015 198 etr-ers

204 295 245 353 sic
278 296 380 352 curato
418 313 535 352 omnem
567 311 687 352 oausam
718 293 749 351 in
779 293 865 352 dorso
896 296 926 352 et
954 294 986 351 in
1016 295 1085 350 tota
1115 291 1200 367 spina

205 383 296 441 etiam
323 401 400 440 nunc
429 383 453 440 si
481 383 632 441 callositas
662 382 755 441 nimia
784 381 952 460 ossilaginis
981 382 1089 458 fuerit,
1120 381 1201 440 simili

205 474 316 546 curato,
340 471 416 529 sicut
439 488 527 546 supra
553 467 601 547 [s.]
628 489 655 529 s·
673 473 725 530 est.
770 475 875 530 sanum
896 471 956 529 fiet.

128 573 184 628 671
271 559 339 618 LXI
362 559 562 635 Quodcunque
585 560 750 619 iumentum
772 560 906 618 inlatus
930 559 968 617 ad
991 559 1128 635 aliquam
1149 578 1202 616 rem

205 667 377 724 percussum
403 649 495 707 fuerit
522 651 553 706 et
579 650 692 707 costam
723 649 861 726 fregerit,
891 648 936 706 ita
965 651 1000 707 ut
1028 647 1230 723 peritoniums

203 738 301 813 ipsum
324 756 384 796 non
406 737 549 814 tetigerit,
573 739 603 795 et
621 737 825 796 collectionem
843 736 954 812 fecerit,
978 737 1097 811 aperies
1116 737 1202 795 locum

205 828 274 884 ante
298 845 363 884 eam
386 827 507 900 eostam,
531 843 621 901 quam
643 828 811 900 vexaverat,
834 828 865 883 et
887 825 1017 884 astulam
1039 825 1141 901 ipsam
1159 843 1204 898 per

204 915 414 990 pleurocistem
438 914 557 973 secobia.
598 914 737 974 vitiatam
759 914 875 972 curabis
898 914 1066 991 diligenter.
1111 931 1202 973 curare

48 1009 51 1015 '
165 1069 166 1072 Ἴ
205 1003 348 1062 eiusmodi
367 1003 503 1078 milnera,
527 1003 551 1061 si
569 1003 655 1062 tarde
673 1002 844 1080 glutinabit‚
867 1005 980 1062 costam
997 1003 1098 1077 rades,
1122 1002 1203 1061 donec

205 1092 341 1168 glutinet.
388 1092 467 1166 quod
491 1091 516 1150 si
539 1092 703 1170 neglexeris
731 1091 847 1167 radere,
875 1091 1007 1150 fistulam
1035 1091 1144 1166 faciet,
1168 1090 1231 1148 inu

205 1180 335 1239 curabile
358 1181 465 1239 vulnus
488 1180 546 1240 fiet.
593 1181 695 1256 itaque
718 1181 835 1256 patenti
857 1180 978 1238 vulnere
1007 1201 1044 1239 ex
1069 1180 1204 1252 omnibus,

207 1287 282 1344 quae
315 1287 336 1326 s.
360 1286 381 1326 s.
415 1271 498 1358 sunt,
537 1269 662 1328 sollicite
701 1287 801 1328 euram
841 1268 978 1327 adhibere
1018 1269 1120 1328 debes.
1169 1286 1204 1326 sa-

205 1377 276 1415 num
298 1356 357 1414 fiet
881 1379 882 1384 ¹

128 1448 185 1504 sta
270 1445 354 1503 LXII
377 1444 576 1521 Quodcunque
598 1447 763 1505 iumentum
785 1447 817 1504 in
839 1447 932 1504 latere
954 1446 1072 1505 ventris
1097 1447 1146 1505 vel
1165 1445 1204 1502 ilis

206 1552 223 1591 a
254 1536 341 1593 tauro
373 1552 527 1610 percussus
554 1535 601 1594 vel
629 1553 647 1592 a
679 1535 813 1610 qnalibet
846 1532 901 1611 [et]
934 1552 1024 1593 eausa
1050 1535 1229 1609 peritomen

204 1623 320 1697 ruperit
347 1624 395 1681 vel
428 1623 527 1698 ipsum
548 1626 695 1700 ventrem,
725 1623 813 1682 simul
834 1624 914 1682 foras
938 1623 1074 1682 emiserit
1099 1626 1131 1683 et
1155 1641 1203 1680 non

206 1712 263 1770 erit
289 1713 410 1787 ruptum
438 1712 612 1788 stentinum,
646 1712 686 1771 sio
715 1715 826 1772 curato.
876 1712 907 1769 in
934 1712 1029 1770 latere
1057 1713 1089 1770 si
1117 1711 1203 1782 fuerit,

206 1801 395 1878 spongiolam
423 1819 532 1860 novam
562 1801 688 1876 accipito
718 1802 846 1861 mollem.
897 1821 932 1858 ex
960 1801 1091 1860 eandem
1122 1803 1152 1859 et
1177 1818 1204 1856 ex

178 1955 182 1961 ,
206 1908 295 1964 posca
327 1891 439 1965 aquata
471 1890 608 1948 delavato
641 1907 760 1948 causam
798 1892 828 1948 et
859 1889 1021 1948 stentinum
1053 1887 1204 1967 spongiola

206 1975 359 2053 reprimito
383 1979 413 2036 et
436 1978 586 2037 contineto
609 1978 696 2037 intus.
734 1979 759 2036 si
783 1980 933 2038 omentmn
955 1979 1132 2054 prociderit
1149 1977 1231 2036 alli-s

205 2084 259 2156 gas
291 2067 318 2123 ei
349 2069 465 2141 partem
497 2061 689 2142 superiorem,
722 2068 752 2125 et
774 2067 921 2143 reliquum
949 2067 1108 2142 praecides
1132 2065 1203 2143 quid-

207 2153 278 2229 quid
300 2157 420 2229 ruptum
443 2155 547 2233 fuerit,
578 2157 609 2214 et
632 2155 756 2214 subicies
778 2156 859 2214 intus
886 2157 916 2214 et
937 2155 1058 2231 fibulas,
1085 2154 1203 2231 imponis

130 2243 188 2299 173
207 2244 237 2299 et
259 2244 387 2301 tramam
409 2248 437 2302 et
455 2244 581 2303 motoria
605 2245 706 2302 solida.
744 2247 775 2302 et
797 2245 838 2303 sic
861 2243 976 2303 curabis
995 2245 1027 2302 in
1047 2241 1202 2304 continenti

206 2349 424 2406 percussuram:
455 2333 560 2391 vulbos
586 2333 674 2392 tritos
701 2352 767 2392 cum
794 2334 863 2392 thus
885 2333 1017 2392 masculo
1041 2333 1121 2392 bene
1142 2333 1202 2391 nito

208 2422 238 2477 et
261 2420 418 2479 commixto
442 2421 496 2479 lini
520 2421 636 2480 semine.
674 2422 772 2480 locum
794 2424 928 2496 ruptum,
961 2418 1034 2497 [eui]
1066 2441 1137 2481 eum
1162 2433 1230 2494 eps

207 2509 352 2587 posueris,
384 2509 530 2568 fasciabis.
586 2505 630 2568 4²⁰
653 2510 699 2568 die
732 2510 822 2569 solvis
854 2512 885 2568 et
917 2509 1056 2569 similiter
1089 2509 1202 2580 curabis

208 2597 299 2656 donec
332 2598 407 2656 cutis
437 2600 594 2657 cohaereat
625 2601 655 2657 et
686 2598 823 2676 glutinet.
869 2600 988 2657 etcum
1016 2596 1203 2680 glutinaverit

208 2687 239 2744 et
260 2686 435 2762 cohaeserit,
465 2686 571 2745 fibulas
600 2687 751 2762 praecides
781 2690 812 2747 et
838 2690 935 2746 totam
963 2689 1096 2746 1111111111
1120 2687 1201 2759 110111,

207 2793 245 2832 ne
269 2775 340 2850 quid
362 2777 515 2834 remaneat
543 2776 631 2834 intus.
678 2777 757 2851 quod
786 2776 811 2834 si
840 2775 1004 2854 neglexeris
1038 2779 1069 2834 et
1101 2772 1202 2850 aliquid

208 2863 244 2920 de
265 2863 313 2921 his
334 2864 432 2923 fibulis
454 2865 641 2940 remanserit,
669 2865 823 2940 sulphorc,
849 2883 886 2923 ce
912 2865 1092 2924 deteriorem
1115 2875 1229 2924 curans

207 2951 307 3010 faciat.
343 2953 444 3028 itaque
468 2955 570 3012 curato
594 2971 713 3012 causam
735 2953 902 3030 diligenter,
924 2954 1017 3012 donec
1042 2972 1146 3013 sanum
1163 2951 1200 3009 sit

207 3059 301 3116 neque
323 3041 445 3100 herbam
468 3061 521 3100 nec
544 3042 665 3100 ordeum
688 3043 795 3119 tangat
818 3044 848 3108 et
874 3041 1024 3100 modicum
1047 3041 1199 3102 manducet

92 3129 189 3189 143‘a
208 3145 312 3186 sanum
333 3129 392 3189 fiet.
413 3129 418 3202 Ι

267 3357 295 3430 ,1
310 3353 343 3418 af.
358 3316 527 3434 1111051
542 3358 557 3406 s
575 3352 794 3434 prensantem:
810 3353 1057 3422 ,1111111111
1070 3355 1109 3434 qe
1127 3347 1198 3433 glus-

207 3420 290 3473 nab1s
311 3423 321 3488 11
345 3427 378 3474 14
395 3422 461 3476 hrl1s
484 3426 493 3491 ΙΙ
518 3429 549 3477 15
564 3441 600 3493 sq.
621 3426 728 3493 apento
747 3439 782 3476 ne
801 3423 944 3495 obruperit
965 3425 974 3493 11
1004 3429 1037 3478 16
1057 3417 1200 3486 simihtcrll

210 3494 244 3541 20
262 3491 418 3558 procederit
431 3495 440 3561 ΙΙ
462 3499 496 3546 23
514 3493 679 3548 tramatoria
692 3496 701 3564 l
724 3499 758 3547 30
777 3493 925 3564 sulphorat
943 3497 972 3549 et
984 3497 995 3565 ΙΙ
1015 3500 1050 3549 32
1069 3489 1198 3548 mandacii
1234 3557 1235 3574 Χ

995 3596 999 3606 =
1234 3575 1235 3622 l
