2470 3902
182 163 226 228 80
370 163 654 218 MULOMEDIOINA
672 163 843 219 CHIRONIS
862 168 1002 218 aco—271

105 317 163 376 2118
196 343 199 348 ·
249 313 323 372 XIII
358 331 481 372 nauunx
515 315 552 372 de
579 313 686 389 capitis
714 314 824 372 dolore.
870 313 921 389 qui
953 313 1061 388 capitis
1093 312 1188 371 dolore

184 402 349 477 vexabitur,
371 403 457 480 signa
480 403 542 461 eius
565 406 653 461 erunt
674 404 754 462 haec.
791 406 890 461 tumor
912 402 990 461 circa
1009 402 1188 474 conluserit,

120 523 122 530 ·
185 493 275 566 caput
296 491 406 550 mobile
428 491 551 550 habebit
573 494 604 550 ct
625 492 769 567 pabulum
790 491 952 566 recusabit,
982 494 1013 549 ct
1042 491 1147 567 liugan
1163 495 1188 548 et

183 580 319 655 palatum
343 583 373 639 et
394 579 476 638 labia
498 584 680 658 turgescunt.
717 601 752 639 ex
775 581 822 639 his
844 580 925 639 locus
949 579 974 639 si
993 579 1187 653 obduraverit

184 672 329 744 quantum
357 669 476 742 morbus
509 669 626 744 crescit,
654 688 688 727 eo
715 669 812 747 magis
840 672 931 745 caput
954 669 1109 746 turgescit.
1153 669 1216 727 sios

183 778 251 816 eum
274 761 385 817 curato.
424 759 599 835 sanguinem
622 758 658 816 de
676 759 779 834 palato
797 758 918 817 mittito.
955 761 1037 816 creta
1061 756 1188 816 Gimolca

183 867 218 905 cx
246 850 330 906 aceto
356 844 411 923 [et]
442 847 572 906 infusam
599 850 630 907 et
655 847 789 905 merdam
815 847 956 906 bubalam
986 850 1138 905 recentem
1163 851 1188 904 et

183 936 332 995 coruinum
360 936 481 1012 tritum,
517 937 591 994 haec
618 935 719 994 omnia
746 935 903 1011 admisces,
938 935 1012 994 bene
1043 938 1188 994 maturam

182 1025 274 1083 facito
298 1027 329 1083 et
350 1025 382 1082 in
404 1025 513 1084 cacabo
536 1043 626 1100 super
652 1024 828 1083 carbonibus
850 1023 924 1083 bene
950 1024 1071 1083 caldum
1096 1024 1187 1082 linito.

49 1181 52 1188 Ι
183 1114 300 1172 curabis
321 1116 436 1191 tamen,
462 1133 501 1171 ne
528 1132 594 1172 eam
617 1116 729 1172 cretam
751 1114 783 1171 in
807 1114 904 1189 capite
927 1113 990 1172 cius
1013 1113 1216 1190 adstringao,n

126 1211 127 1214 ’
182 1206 213 1261 et
239 1207 316 1261 aceto
339 1219 407 1260 acro
434 1201 555 1279 rigabis.
592 1202 697 1261 deinde
720 1206 751 1260 et
773 1203 859 1262 calda
882 1203 920 1260 ad
941 1202 1105 1261 curandum
1127 1221 1189 1260 eum

179 1290 367 1350 fomentabIs.
411 1291 468 1350 hoc
490 1290 570 1350 idem
592 1291 692 1366 facies,
716 1291 809 1351 donec
831 1309 937 1350 sanum
958 1291 1017 1350 fiet.

26 1369 163 1431 uocabit)
249 1379 321 1437 XIV
343 1379 389 1438 De
408 1380 515 1455 capitis
534 1380 644 1438 dolore.
680 1379 705 1439 si
725 1384 815 1456 caput
828 1380 966 1455 doluerit,
984 1380 1026 1439 sic
1039 1379 1188 1458 intelliges

29 1443 174 1546 &221⁰ssss
183 1487 219 1526 ex
233 1469 393 1546 gravedine
412 1472 443 1527 et
456 1489 492 1528 ex
505 1489 540 1528 eo
555 1469 635 1545 quod
648 1469 765 1528 assidue
778 1468 934 1546 praesepio
948 1471 1040 1544 caput
1052 1468 1187 1544 deponat,

58 1551 142 1635 14ωὲ-
183 1561 214 1616 et
250 1577 285 1616 ex
315 1576 349 1615 eo
387 1559 467 1633 quod
497 1558 718 1617 adlacrimatur.
773 1559 825 1617 sed
852 1561 970 1633 oportet
999 1557 1186 1616 flebotomare
1197 1571 1215 1612 1⁵

182 1667 249 1704 eum
268 1645 360 1706 desub
379 1647 472 1706 oculis
495 1651 548 1706 cat
563 1646 747 1723 temporibus
769 1647 817 1707 vel
840 1647 876 1704 de
894 1647 1005 1722 palato.
1047 1650 1079 1705 et
1100 1647 1187 1705 absti-

181 1740 250 1794 neto
277 1755 295 1794 a
325 1735 390 1794 cibo
418 1738 449 1794 et
474 1739 549 1811 potu
570 1739 670 1810 prisco
697 1736 744 1794 die
772 1739 803 1794 et
828 1736 964 1812 sequenti
992 1735 1052 1810 die,
1080 1739 1112 1794 et
1138 1753 1186 1811 pro

181 1826 270 1885 modo
293 1824 378 1883 dabis
400 1825 428 1882 ei
450 1825 558 1900 bibere,
586 1825 691 1884 deinde
714 1825 815 1884 fenum
838 1825 987 1900 adponere
1010 1828 1041 1883 et
1063 1825 1187 1882 furfures

182 1917 213 1972 et
234 1914 337 1990 paleas
359 1912 455 1973 debes.
491 1931 648 1990 vesperum
669 1917 745 1989 potu
767 1914 837 1973 dato
861 1917 891 1972 et
910 1913 1031 1972 ordeum
1049 1914 1187 1989 pusillum

182 2021 249 2060 oum
270 2003 358 2078 palca
381 2006 411 2060 et
429 2003 576 2078 paulatim
599 2003 697 2062 cibum
720 2006 751 2061 et
767 2006 873 2078 potum
895 2003 1015 2078 adicito,
1039 2021 1187 2078 quousque
1197 2015 1227 2057 u-

127 2131 129 2134 -
182 2109 287 2149 sanum
307 2090 368 2149 fiet.
1222 2110 1232 2139 =¹

105 2173 162 2228 270
269 2179 325 2236 XV
358 2197 498 2240 sonorus
530 2180 945 2259 aliterdeoapitisdolore‚
969 2181 1117 2239 siluerit.
1161 2183 1187 2237 et
1223 2179 1228 2239 ,ἱ

181 2269 237 2326 hoc
256 2268 334 2327 circa
351 2268 441 2328 boves
459 2269 524 2328 fieri
542 2271 626 2328 solet.
666 2273 696 2327 et
714 2269 739 2328 si
758 2269 881 2345 aliquod
897 2269 1044 2328 rotundae
1062 2269 1186 2347 ungulae
1226 2277 1227 2280 ’

182 2359 273 2432 caput
295 2358 436 2433 doluerit,
460 2359 589 2418 difficilis
612 2377 684 2417 cura
705 2358 826 2418 videtur
848 2377 919 2418 esse.
961 2359 1047 2435 signa
1070 2357 1186 2418 habebit

65 2441 163 2500 120¹b
181 2446 264 2504 haec.
308 2449 444 2522 tempora
464 2443 468 2525 Ι
489 2448 552 2506 eius
575 2447 756 2524 colligantur
778 2450 809 2506 et
830 2448 909 2506 male
933 2450 1050 2506 cecatur
1078 2451 1109 2506 et
1131 2459 1215 2505 ann-²⁵

180 2535 287 2594 bulans
314 2536 438 2594 vacillat
465 2539 495 2595 et
522 2537 620 2614 agitat
647 2555 677 2595 se
700 2539 765 2595 tcto
789 2555 919 2612 corpore.
965 2535 1065 2595 evenit
1093 2539 1186 2594 autem

180 2626 254 2683 haec
285 2624 435 2699 valitudo,
467 2626 584 2700 quando
617 2625 649 2682 in
676 2625 759 2684 venis
791 2624 873 2684 cibus
905 2627 1061 2702 corruptus
1094 2623 1185 2683 fuerit

105 2707 162 2762 271
182 2713 336 2772 curabitur
357 2717 458 2772 autem
480 2714 529 2774 sio.
573 2714 695 2790 sanguis
717 2714 854 2772 mittetur
877 2714 918 2772 eis
942 2714 977 2772 de
999 2713 1185 2789 temporibus.
1229 2773 1230 2780 χ

180 2804 237 2861 hoc
256 2803 373 2878 quando
393 2803 542 2877 statuario,
563 2821 710 2879 perunges
735 2823 803 2861 eum
821 2806 905 2861 aceto
924 2805 956 2861 et
973 2803 1039 2862 oleo
1057 2803 1184 2872 mixtum,
1229 2833 1230 2897 l

180 2891 277 2949 hieme
300 2891 368 2950 vino
396 2893 427 2949 et
449 2892 515 2949 oleo
539 2891 690 2967 similiter,
718 2895 748 2950 ct
774 2894 958 2969 perungetur
985 2892 1120 2966 sequenti
1141 2888 1215 2946 dien

181 2999 217 3038 ex
237 2980 326 3038 ordeo
348 2980 506 3039 sacellione
524 2983 670 3056 vaporato
689 2981 785 3038 hieme
804 3000 839 3038 er
858 2999 937 3055 aqua
954 2979 1074 3039 triticea
1092 2978 1183 3050 cruda,

181 3072 293 3127 aestate
324 3069 474 3128 ordeacea.
525 3073 555 3128 et
584 3069 609 3129 si
638 3069 736 3128 minus
759 3069 897 3129 videatur
923 3071 994 3128 ate
1022 3068 1181 3144 profecisse,

254 3191 268 3237 1
297 3184 359 3255 req,
377 3186 434 3238 nr
449 3189 476 3252 c,
493 3191 508 3238 1
528 3190 587 3240 aa
613 3187 623 3256 q
646 3184 759 3255 oligua
781 3187 791 3254 q
817 3184 899 3239 ahio
923 3187 927 3255 ι
953 3171 981 3238 s'e
1001 3181 1181 3238 obduruere.
1227 3239 1228 3242 a

181 3255 209 3306 B
223 3258 262 3323 ll⁷
287 3257 317 3308 et
337 3257 456 3323 primm
480 3257 531 3310 del.
557 3257 628 3328 ch,
647 3258 677 3310 et
701 3258 817 3312 alteram
839 3257 933 3326 potius
951 3252 1181 3324 3110111111-
1227 3259 1228 3288 ³

182 3329 233 3392 gat
263 3327 273 3393 ΙΙ
305 3331 336 3378 11
368 3329 447 3380 aceto
482 3327 581 3381 addidi
592 3327 616 3452 qq
642 3333 675 3380 13
709 3328 769 3397 ch.
798 3328 854 3381 III
877 3331 903 3395 8,
919 3331 937 3380 5
956 3328 966 3395 ΙΙ
990 3333 1023 3380 14
1051 3328 1083 3380 ia
1104 3339 1180 3392 moro.
1227 3385 1228 3390 ἵ

178 3411 231 3461 pro
250 3411 311 3464 cap.
335 3403 410 3449 extat
426 3398 491 3450 baec
511 3405 576 3452 uoto

181 3480 228 3516 mo
246 3465 274 3532 (i.
294 3481 315 3517 e.
334 3465 361 3532 I)
380 3467 479 3519 addidi
499 3470 509 3535 11
532 3474 565 3520 26
584 3467 718 3537 fac1llatn
733 3473 766 3521 30
784 3467 844 3522 vini
861 3467 871 3541 11
889 3474 922 3522 32
945 3485 962 3522 a
982 3471 1087 3522 testate
1103 3470 1106 3539 1
1123 3484 1139 3520 a
1156 3467 1182 3518 tc

181 3539 213 3587 ot
227 3531 320 3587 διττόν
337 3538 398 3602 (pro
417 3539 561 3606 ateetate)
580 3541 630 3594 del.
649 3540 690 3606 Β;
710 3542 822 3592 autem?
1226 3555 1227 3566 ¹

630 3404 640 3479 {j
660 3403 693 3451 16
717 3398 835 3468 autem}
855 3415 892 3467 sq.
913 3396 1038 3451 abstinet
1055 3401 1064 3467 ΙΙ
1084 3403 1114 3450 17
1132 3393 1182 3466 pri-
1227 3395 1228 3402 ’
