2462 3906
226 127 507 202 nunonnoicrus
525 146 695 202 cussonis
714 153 853 202 oce-ori
979 147 1044 212 289

54 295 192 355 febnciiei.
228 296 302 355 ilem
325 298 416 356 aliam
438 297 598 373 polionem.
636 297 727 356 eliam
751 297 776 355 si
798 297 830 355 iii
848 298 978 375 rigorem
999 298 1045 356 in·

54 383 154 460 ciderii,
184 385 282 444 ieiuno
312 386 445 446 iumenio
476 387 532 446 hoc
559 386 651 445 dabis
696 385 784 444 fabae
815 388 914 459 fresae
947 387 1045 446 emina

53 489 144 548 coques
175 476 206 533 ei
233 475 321 553 term,
351 475 410 534 olei
440 475 550 550 emina,
580 475 677 534 mellis
707 474 817 553 emina,
845 475 908 534 vini
935 476 1045 535 veteris

53 562 172 621 eminam.
217 563 425 639 pertriduum
448 564 540 623 dabis,

33 673 42 712 o
107 651 141 710 ad
161 655 275 711 tussam
297 653 504 712 iumentorum.
551 653 614 711 silis
636 655 819 728 montanum,
839 653 918 728 quod
940 653 1044 712 dicunt
1062 651 1120 707 968

51 741 223 816 petrosillon‚
249 741 356 800 tritum
383 741 466 801 dabis
495 742 620 819 singulis
648 742 810 817 modicum,
838 744 870 801 ei
897 759 956 799 non
982 744 1045 800 ius·

51 827 124 887 siant.
158 830 232 888 item
255 830 324 888 alia.
337 838 344 845 ”
362 829 449 889 arbor
472 831 572 890 salicis
595 829 735 890 cornicem
753 831 818 889 loco
837 830 948 889 mundo
968 848 1045 889 com-

50 915 118 976 buris
139 921 169 976 ei
192 938 228 976 ex
251 919 313 978 eius
336 919 433 978 cinere
455 919 590 978 lixiviam
613 919 704 978 facies
728 922 758 978 et
785 919 950 978 commiscis
978 937 1046 978 cum

49 1003 134 1064 butiro
166 1009 220 1065 aui
251 1007 330 1085 oleo,
369 1010 400 1067 et
431 1027 489 1068 ova
521 1008 640 1086 singula
672 1007 824 1082 admissis,
860 1027 914 1084 per
945 1007 1045 1066 hiduo

23 1094 167 1172 usingulos
200 1115 316 1174 comos,
349 1096 447 1173 dabis,
478 1097 525 1156 ico
556 1099 591 1154 ui
618 1117 710 1157 cornu
742 1097 903 1156 sextarium
937 1095 1045 1171 capiat.

48 1181 125 1243 biduo
152 1187 254 1244 autem
280 1185 440 1245 maturisue
467 1186 596 1245 lexivam
624 1188 654 1244 et
681 1185 813 1245 siccabis.
858 1186 931 1245 ilem
955 1185 1045 1244 aliudi

48 1291 149 1332 murem
171 1273 275 1333 vivum
297 1275 431 1349 prendas,
454 1275 486 1333 in
509 1274 639 1352 axungia
661 1277 761 1334 velere
783 1274 918 1335 involves
945 1278 976 1333 ei
1003 1275 1046 1334 sic

50 1361 126 1420 offam
149 1362 242 1440 dabis,
266 1363 358 1422 donec
381 1381 487 1422 sanum
509 1363 568 1422 fiet.
606 1363 679 1422 ilem
702 1363 791 1422 aliud.
830 1363 923 1422 salem
945 1363 1045 1422 fricii'o

48 1467 104 1508 cum
129 1451 194 1510 oleo
221 1451 297 1510 Afro
325 1455 355 1511 ei
382 1451 467 1511 dabis
493 1451 626 1511 iumento
653 1471 708 1527 per
734 1452 847 1525 triduo,
874 1453 919 1511 iia
945 1454 980 1510 ut
1002 1452 1046 1511 bi-

21 1557 38 1597 15
49 1537 127 1597 duum
149 1540 340 1600 intermittas.

103 1629 141 1686 ad
174 1629 373 1688 suffiusionem.
426 1629 620 1705 quodcunque
657 1647 791 1704 pannum
828 1625 1121 1689 maismacenses

47 1717 168 1777 mulieris
197 1718 314 1777 lavabis
344 1721 375 1776 el
403 1736 499 1794 aquae
530 1718 692 1777 seriarium
721 1718 814 1777 dabis.
859 1718 933 1776 item
955 1718 1046 1776 aliud.

48 1803 76 1862 de
100 1807 220 1866 naribus
249 1806 456 1884 cartilaginem
478 1807 660 1882 medianam,
683 1807 734 1865 ubi
757 1807 875 1866 deficiat
897 1825 938 1884 os,
962 1801 1046 1884 †sub

46 1892 161 1955 forciore
180 1895 215 1954 de
236 1896 346 1955 surculi
365 1896 484 1973 angulo,
507 1896 555 1954 cui
572 1913 666 1955 venue
683 1899 778 1970 erunt,
800 1896 878 1955 unde
900 1895 1046 1971 praecidis
1166 1917 1168 1921 ·

19 1981 95 2058 uita,
119 1986 156 2042 ui
182 1984 286 2061 anguli
314 1984 378 2043 eius
404 1984 510 2044 vivant
536 1987 567 2043 ei
593 1985 654 2043 sini
681 1985 762 2043 acuti
787 1988 817 2044 et
840 1984 1047 2062 cartilaginem

46 2076 177 2148 rumpant
206 2076 238 2132 et
264 2073 418 2151 sanguinis
446 2075 532 2132 exeat
558 2074 640 2132 satis.
685 2073 754 2131 inde
779 2073 958 2152 inambulet,
988 2092 1046 2149 quo

45 2177 128 2238 usqne
155 2161 278 2240 digerit,
306 2164 336 2220 el
363 2161 448 2221 dabis
475 2162 628 2237 potionem
653 2161 712 2222 olei
736 2163 902 2238 capiiulum
924 2162 953 2238 I,
983 2163 1046 2222 silis

44 2253 210 2310 monianum
236 2248 269 2328 3,
297 2251 424 2310 conteris
452 2253 483 2308 ei
510 2271 545 2309 ex
571 2250 641 2310 vino
671 2250 763 2310 dabis.
808 2252 881 2311 haec
908 2252 991 2328 potio
1015 2254 1046 2310 ei

45 2337 77 2395 ad
97 2339 259 2398 tortionem
281 2339 362 2399 facit.

16 2443 34 2484 a
100 2428 184 2504 polio
206 2427 343 2487 hiemalis
366 2428 405 2486 ad
426 2427 627 2487 iumentorum
650 2428 750 2503 capita
764 2465 771 2486 i
787 2467 793 2488 .=
808 2474 814 2486 .
829 2446 951 2486 numero
972 2427 1043 2502 ΠΠ,
1062 2421 1122 2477 970

44 2533 162 2592 ysopum
189 2516 209 2580 3
232 2517 277 2594 11,
303 2517 362 2575 irin
389 2517 503 2576 illirico
522 2514 527 2590 Ι
547 2515 568 2582 5
591 2517 635 2591 Π,
664 2518 776 2576 cassiae
807 2516 925 2575 fistulae
957 2514 978 2581 3
1005 2515 1045 2584 Π,
1071 2509 1171 2569 158²b

45 2607 112 2664 costi
129 2604 151 2671 5
169 2606 194 2680 Ι,
217 2606 410 2683 aristologiae
429 2605 575 2664 roumoae
593 2605 614 2669 3
632 2606 648 2662 I
666 2607 697 2664 ei
714 2606 821 2683 longae
841 2605 918 2679 311,
942 2622 1046 2679 sepum
1132 2657 1138 2664 .

45 2694 192 2769 caprinum
210 2711 235 2782 p
254 2694 278 2770 I,
301 2695 356 2753 lini
375 2712 474 2753 semen
493 2707 533 2753 ss
552 2693 575 2771 I,
594 2694 766 2771 fenugraeci
784 2708 825 2753 ss
843 2694 867 2770 Ι,
891 2692 1046 2752 coloefium

43 2784 204 2859 porcinum,
229 2783 318 2843 ficum
342 2783 503 2860 duplicem,
535 2782 592 2842 olei
607 2828 613 2841 .
629 2819 658 2841 .-.
681 2783 755 2842 haec
778 2781 877 2842 omnia
899 2781 932 2839 in
953 2801 1046 2839 unum

15 2869 241 2948 adecoquantur
264 2874 295 2931 oi
317 2871 359 2930 sic
383 2872 481 2930 oleum
504 2873 535 2930 ei
556 2873 616 2930 mel
638 2871 774 2931 miscebis
798 2873 829 2929 ei
851 2869 943 2928 dabis.

101 2961 174 3020 item
203 2961 271 3019 alia.
318 2979 420 3020 sucum
449 2961 620 3039 fenugraeci
649 2955 769 3038 'funum
798 2959 930 3018 iumento
957 2959 983 3017 si
1017 2962 1048 3017 et

43 3050 147 3108 condiii
171 3049 270 3109 emina
290 3046 431 3126 [adiecta]
452 3049 569 3108 adiecta
592 3049 630 3107 ad
649 3061 689 3107 ss
707 3048 723 3107 Ι
743 3048 914 3124 permixtos,
936 3047 1047 3123 piperis

42 3156 130 3212 grana
151 3156 178 3228 p
200 3138 224 3198 Ι.
269 3139 343 3197 haec
365 3158 418 3214 per
440 3138 572 3196 uiduam
595 3137 687 3196 dabis.

101 3229 186 3303 potio
210 3228 331 3287 aestiva.
368 3226 477 3286 lactem
499 3227 661 3302 caprinum,
686 3243 743 3285 ora
765 3227 851 3284 lema
868 3225 900 3283 in
919 3225 1044 3302 singulis
1063 3226 1119 3281 orl

107 3368 122 3415 2
136 3361 168 3415 in
177 3379 245 3417 uno:
255 3360 371 3442 coraBl
381 3376 457 3415 soese
465 3360 475 3432 fl
485 3365 501 3414 5
510 3361 687 3440 montanum:
698 3375 830 3428 superma
837 3358 950 3413 sifuleos
958 3358 1046 3432 filipe-

41 3431 203 3516 trosillenll'l
212 3432 315 3558 silicissf
323 3434 432 3486 101tem
440 3434 448 3502 l:
457 3437 532 3502 lsssq.
539 3430 748 3503 subsirmgerf
756 3435 788 3483 19
796 3429 948 3512 generanti)
955 3436 988 3512 22
998 3430 1046 3482 da·

41 3499 81 3555 ut
95 3505 99 3574 1
115 3504 183 3560 oles:
202 3520 270 3560 corr.
327 3505 336 3574 l}
350 3508 384 3556 27
397 3501 481 3572 longe
495 3504 504 3573 ll
518 3507 552 3556 28
567 3501 695 3556 colofium
709 3503 718 3572 i
732 3508 764 3555 31
779 3519 839 3557 vim
848 3501 972 3570 thymosr
982 3503 1010 3555 el
1019 3501 1047 3554 B

90 3603 238 3644 Mulomed.
254 3602 336 3654 Chia,
349 3601 384 3642 ed.
399 3599 481 3642 oder.
854 3596 886 3644 19
