2512 3906
187 187 229 250 14
393 183 676 239 MULOMEDICINA
694 183 863 239 CHIRONIS
883 189 987 238 34-36

185 337 302 396 dolores
321 337 445 413 auferet,
468 335 615 394 alienatas
637 336 738 410 partes
762 355 797 392 ex
820 334 955 410 qualibet
977 352 1067 392 causa
1085 333 1117 392 in
1140 351 1191 391 suo

185 429 267 485 statu
289 427 419 500 revocat,
442 424 695 501 supracrescentia
718 423 821 498 aliqua
849 426 933 482 extra
959 424 1099 481 naturam
1126 422 1192 480 sub-

184 515 249 573 lata
267 533 327 572 non
349 514 465 588 patitur
487 531 629 588 crescere,
659 512 756 571 multa
783 513 953 572 etiamnunc
974 515 1005 570 et
1029 511 1191 570 confirmat

183 604 256 662 haec
280 603 380 661 omnia
402 603 497 661 inesse
520 602 596 661 vitia
611 646 618 660 .
633 647 640 660 .
654 647 683 660 ..
708 602 855 676 quomodo
879 602 945 677 quis
969 601 1072 660 credat
1092 601 1191 677 ignem

184 710 285 751 curare
307 709 402 767 posse,
425 690 545 749 dabitur
567 691 747 766 exemplum:
771 691 917 765 quomodo
940 689 1005 748 fieri
1027 689 1135 765 possit,
1158 692 1223 746 ut⁵

184 800 260 856 quae
278 781 434 857 restringit
457 782 487 838 et
510 779 631 857 alligat,
660 797 779 838 rursum
808 779 913 838 solvat
960 782 1081 838 curatur
1102 795 1191 837 causa

184 870 312 929 canteris
325 869 528 944 candentibus,
543 887 669 944 quorum
682 868 855 944 praeruptio
870 868 985 944 capulis
998 868 1080 926 facta
1094 869 1190 926 cutem

182 961 388 1034 praerumpat:
411 977 465 1016 nec
482 957 550 1032 plus
569 957 698 1015 enimin
720 975 853 1032 paupero
876 958 950 1031 loc0‚
973 977 1077 1016 verum
1099 955 1190 1014 altius

181 1051 243 1107 urit
266 1047 401 1121 duritias,
423 1046 574 1104 interdum
596 1048 627 1104 et
645 1046 792 1104 cancellat
813 1046 845 1103 in
867 1046 1035 1121 divisiones,
1057 1045 1190 1120 picturae

125 1135 295 1195 assimiles
322 1135 422 1210 pinnis
449 1135 560 1193 urendo
584 1135 759 1193 formantur.
805 1155 841 1193 ex
863 1153 924 1210 qua
945 1135 1061 1193 ratione
1084 1134 1190 1192 vitium
1203 1139 1223 1179 1⁰

182 1225 358 1299 concutitur,
377 1223 409 1281 id
429 1227 474 1283 est
491 1226 668 1282 maturatur.
706 1244 742 1281 ex
760 1223 867 1299 quibus
885 1222 1081 1282 foraminibus
1099 1222 1189 1281 ustic-

181 1334 253 1372 num
289 1312 397 1372 caloris
433 1313 573 1372 beneficio
612 1312 789 1372 dissolutum
823 1313 931 1371 vitium
973 1311 1103 1370 exundat
1139 1329 1191 1387 per

181 1403 347 1476 humorem,
379 1402 428 1460 vel
459 1421 537 1461 nunc
568 1401 676 1461 vitium
705 1420 865 1460 nervorum
896 1403 1061 1476 vapuratur
1093 1400 1189 1459 calore

180 1493 349 1566 permotum
377 1491 513 1549 ustionis.
562 1491 655 1550 altius
678 1491 757 1549 enim
784 1490 810 1549 si
839 1489 1041 1566 penetraveris
1070 1489 1189 1565 urendo,

180 1579 248 1655 plus
280 1580 444 1657 contrahis3
476 1579 502 1638 si
532 1580 639 1656 minus,
668 1579 777 1638 iterum
803 1578 827 1639 si
859 1579 972 1654 focaria,
1007 1576 1189 1637 excalefacis
1203 1582 1221 1622 1⁵

181 1687 216 1726 ex
244 1687 304 1744 qua
329 1669 455 1728 vulnera
483 1668 611 1727 ustionis
642 1667 796 1743 dissoluta,
827 1687 881 1743 per
912 1668 1025 1727 saniem
1057 1667 1190 1725 aufertur

124 1757 162 1812 85
180 1775 271 1816 causa
289 1759 320 1816 et
338 1758 430 1816 dolor.
468 1775 594 1832 quarum
616 1757 768 1816 cicatrices
790 1756 927 1816 claudere
945 1775 1013 1815 cum
1031 1756 1190 1831 coeperint,

180 1846 248 1922 plus
271 1845 423 1924 stringunt
444 1845 661 1922 firmioremque
682 1847 781 1904 locum
803 1846 918 1905 faciunt
945 1848 976 1904 et
1001 1844 1190 1904 insolubilem

181 1938 288 1994 cutem.
332 1936 406 1994 haec
432 1953 502 2012 ergo
524 1935 603 1994 ratio
630 1935 811 2012 intelligitur
837 1953 923 2011 posse
951 1934 1110 2012 stringere,
1140 1933 1189 1992 ad-

180 2025 284 2100 ligare,
307 2023 490 2098 confirmare,
513 2023 701 2082 excalfacere.
748 2042 823 2098 quae
847 2026 917 2082 suut
939 2041 1019 2100 ergo,
1043 2041 1119 2098 quae
1142 2023 1189 2080 vel
1202 2027 1221 2066 ²⁰

181 2113 257 2170 solvi
286 2112 334 2171 vel
363 2112 459 2170 laxari
487 2112 614 2170 debeant
637 2110 798 2170 duritiam?
843 2131 1005 2187 marmora,
1033 2110 1189 2187 aquatilia,

181 2202 318 2275 elomata,
342 2201 531 2278 ossillaginis.
576 2201 650 2259 haec
673 2203 743 2259 sunt
764 2201 849 2276 vitia,
873 2220 949 2276 quac
972 2219 1064 2276 supra
1085 2201 1189 2259 comis-

181 2307 265 2348 suras
283 2291 368 2348 extra
385 2290 538 2349 naturales
556 2289 751 2349 formationes
769 2291 902 2365 corporis
919 2292 993 2348 nats
1011 2291 1188 2348 excrescunt

181 2397 256 2454 quae
276 2397 343 2437 cum
361 2379 516 2454 creverint,
538 2378 785 2438 incommodando
807 2379 972 2455 perdurant
989 2380 1020 2436 et
1036 2377 1188 2456 alligando

180 2467 347 2542 impediunt
376 2487 446 2544 ergo
477 2486 610 2545 gressum
644 2467 856 2526 ambulationis
884 2487 937 2543 per
967 2467 1243 2544 colligationem

124 2557 163 2612 36
181 2557 450 2616 commissurarum.
486 2558 559 2616 haec
583 2576 653 2635 ergo
672 2575 762 2616 causa
781 2557 916 2615 solvitur.
953 2556 1030 2615 vitia
1052 2557 1189 2614 emenda·

181 2645 294 2704 buntur
311 2663 368 2720 per
390 2648 502 2722 puncta
525 2664 615 2722 supra
636 2646 716 2704 noda
738 2647 948 2720 excrescentia,
977 2646 1023 2703 its
1044 2648 1080 2703 ut
1106 2646 1190 2720 ipsae

182 2735 309 2794 duritiae
324 2735 463 2794 cauteriis
477 2737 670 2810 penetrentur
681 2731 748 2810 [pro
762 2735 850 2793 modo
865 2731 1007 2810 altitiae]‚
1021 2736 1052 2792 et
1066 2733 1190 2792 circum·

181 2824 328 2883 vallatum
355 2843 408 2899 per
438 2824 594 2882 circuitum
620 2824 739 2899 punctis
766 2841 820 2898 pro
848 2824 936 2882 modo
964 2823 1089 2882 uticae.
1135 2823 1191 2881 ills

49 2913 160 2972 10ch
184 2913 263 2972 euim
276 2913 355 2972 ustio
369 2913 476 2988 incipit
493 2913 709 2988 perrumpendo
728 2912 888 2971 dissolvere
909 2905 913 2993 Ι
933 2911 1026 2971 nodos
1045 2914 1076 2970 et
1092 2910 1218 2970 laxans

181 3002 315 3060 duritias.
376 3002 523 3060 consumit
559 3002 637 3059 enim
668 3001 776 3061 vitium
808 3004 839 3060 et
869 3001 1055 3060 nascentium
1087 3002 1118 3059 et
1145 3001 1189 3059 in-

180 3091 357 3149 minentium
380 3090 522 3149 vitiorum
550 3090 675 3166 semina,
711 3091 825 3149 radices
848 3091 959 3149 urendo
987 3090 1188 3168 extinguendo

253 3267 266 3313 1
287 3260 409 3315 auferret
422 3262 431 3329 ΙΙ
446 3266 461 3312 2
481 3259 623 3314 sublatam
636 3262 645 3326 [Ι
659 3265 676 3313 4
689 3261 721 3314 ia
734 3261 835 3314 lucana
848 3261 959 3329 suppleo
977 3257 1189 3328 praecipiuntur

180 3347 253 3399 quae
266 3329 309 3384 ita
322 3331 414 3384 curari
428 3330 551 3385 debeant
563 3333 602 3400 119
620 3331 679 3384 urit
695 3333 785 3399 scrppl.
802 3332 830 3383 B
843 3334 853 3400 ΙΙ
868 3337 899 3385 11
919 3329 1104 3386 concuttitur:
1123 3347 1188 3385 con-

181 3400 309 3469 coquitur
335 3403 431 3456 melias
458 3402 520 3472 ch.
543 3404 553 3472 ΙΙ
581 3408 613 3454 12
642 3401 742 3456 coloris
764 3402 931 3456 beneficium
956 3404 965 3472 ΙΙ
994 3406 1026 3455 18
1048 3401 1189 3456 firmarem

180 3474 349 3612 palpatui&
366 3471 558 3612 γΙᾙΙὲαᾏ-ε
577 3472 708 3542 didam
725 3474 744 3527 i.
760 3490 779 3528 e.
800 3468 861 3539 ἧλοι
883 3478 893 3544 u
913 3479 947 3526 26
965 3471 1035 3527 vitio
1053 3472 1063 3544 ll
1081 3478 1114 3527 2⁵1
1138 3490 1189 3543 per

267 3563 278 3596 r
367 3560 402 3597 cx
465 3559 537 3598 eno
