2474 3910
237 139 528 201 MULOMEDIOINA'
541 145 711 202 effluouis
731 151 871 202 svs-cu

413 343 588 410 LIBER
622 345 698 411 VII.

288 476 305 532 1
330 474 366 532 de
389 475 480 534 armis
504 475 529 534 si
552 475 682 536 doluerit

288 565 306 620 2
331 562 367 622 de
390 563 530 623 musculis
555 584 706 625 armorum

288 653 307 711 3
330 651 366 710 de
390 670 472 712 armo
496 653 590 713 eiecto

288 743 309 799 4
332 741 368 799 de
391 741 490 800 nervis

289 831 307 888 5
331 829 367 888 de
390 830 521 906 cclephis

288 919 306 977 6
330 918 366 977 de
389 919 522 978 fractura

290 1009 308 1066 7
333 1007 358 1066 si
380 1007 525 1083 patellam
548 1009 636 1068 eiecit

290 1098 310 1156 8
334 1097 469 1156 contusio
493 1116 657 1175 genuorum

291 1187 309 1243 9
334 1184 369 1243 de
392 1185 559 1245 fluminibus
581 1187 614 1244 in
636 1187 740 1264 gennis

268 1275 310 1332 10
333 1274 369 1332 dc
392 1293 538 1334 marmore
561 1275 594 1332 in
616 1277 721 1352 genuis

268 1364 307 1421 11
332 1381 464 1422 marmur
487 1364 512 1422 si
535 1365 695 1424 citaverint
717 1366 769 1441 qui
792 1385 814 1425 s.
838 1385 860 1424 s.

268 1453 309 1510 12
333 1451 368 1510 de
391 1452 593 1528 parcellidesl

269 1541 309 1598 13
334 1540 370 1599 de
393 1542 553 1619 ossilagine
657 1553 661 1567 ‘

271 1631 313 1688 14
336 1629 371 1688 de
395 1649 479 1688 crure
501 1631 597 1690 fracto

269 1718 309 1776 15
334 1719 370 1777 de
393 1719 575 1778 mirmicibus
597 1720 630 1777 in
653 1720 786 1780 cruribus
809 1720 888 1778 natis

270 1808 309 1865 16
334 1807 371 1866 <lc
394 1808 521 1868 articulo
544 1809 640 1868 fracto

270 1897 309 1954 17
335 1896 370 1955 de
394 1897 522 1956 articulo
546 1901 661 1957 6110110
1084 1898 1139 1954 au

270 1985 310 2043 18
335 1984 370 2043 de
393 1986 492 2045 nervis
515 1986 730 2062 laborantibus
754 1989 779 2046 si
797 1987 881 2048 nervi
900 1988 1068 2048 laxaverint

273 2075 312 2132 19
337 2074 373 2132 dc
397 2074 508 2133 duritia
531 2075 726 2136 articulorum

269 2163 312 2221 20
333 2163 366 2220 in
389 2163 515 2223 articulo
538 2165 623 2224 nervi
644 2165 730 2224 incisi

270 2251 310 2309 21
336 2251 372 2310 de
394 2252 467 2311 luxu
490 2253 609 2312 articuli

269 2342 311 2398 22
335 2340 446 2400 duritia
468 2361 628 2402 nervorum
649 2342 681 2400 in
705 2345 838 2404 articulis

272 2430 312 2487 23
336 2429 372 2488 de
396 2431 578 2506 aquatilibus

272 2520 314 2576 24
337 2518 373 2576 de
397 2519 579 2594 aquatilibus

271 2607 311 2665 25
335 2606 371 2665 dc
395 2608 606 2667 chiromatibus

270 2696 311 2754 26
335 2695 371 2753 de
395 2697 493 2755 ozenis

270 2786 312 2844 27
336 2784 372 2844 de
396 2786 496 2844 scabie

270 2873 311 2931 28
336 2872 372 2932 dc
395 2874 479 2934 clavo
500 2875 659 2935 morticino

11 2983 31 3022 a
274 2963 313 3021 29
339 2961 375 3020 de
398 2981 507 3022 corona
528 2965 643 3024 intorta

273 3051 315 3110 30
338 3051 363 3109 si
387 3052 498 3110 duritia
520 3053 552 3111 in
576 3054 696 3112 basibus
720 3053 811 3112 fuerit

274 3139 312 3198 31
339 3139 374 3198 de
397 3140 496 3200 fistola
518 3142 550 3199 in
574 3161 682 3202 corona

111 3301 129 3348 2
149 3313 182 3348 m
204 3289 303 3345 Annis
321 3291 361 3345 sic
378 3293 407 3361 (1.
422 3311 442 3347 e.
463 3291 493 3346 in
511 3293 616 3362 armis),
635 3294 669 3360 cf.
686 3311 714 3362 p.
735 3296 850 3364 187,6ΙΙ
871 3299 904 3348 17
925 3292 1044 3347 anticulo
1058 3293 1068 3366 ll

45 3369 75 3416 18
89 3362 224 3420 asticulo
240 3363 249 3431 ΙΙ
265 3366 298 3414 19
314 3361 338 3415 si
351 3362 430 3418 nervi
443 3363 602 3418 laxaverint
615 3366 646 3418 in
658 3365 715 3420 eod.
725 3367 790 3420 ccvi
799 3366 899 3434 capitis
912 3365 1066 3433 1118111111ος

42 3437 145 3573 {calgi}
162 3435 253 3561 ’ἰῗζνα
273 3435 354 3503 6021!
377 3439 410 3488 20
430 3433 613 3490 usticulcrum
631 3439 640 3506 11
663 3441 696 3490 31
715 3437 830 3492 vasibus
848 3439 858 3507 11
881 3442 914 3490 32
933 3439 1013 3502 deest,
1031 3437 1067 3503 cf.

64 3549 68 3560 ¹
146 3549 156 3575 2
