2474 3910
239 165 521 222 MULOMEDIOINA
540 165 709 222 GHIRONIS
729 171 869 221 629-633
992 166 1056 228 201

108 315 273 374 XXXVIH
316 315 348 374 Si
379 316 509 393 ungulae
537 335 555 374 a
587 335 697 375 corona
729 317 916 376 discesserint
948 319 979 376 et
1011 337 1058 376 ex·
1077 317 1135 373 629

51 403 265 480 reseraverint,
282 405 324 464 sio
343 405 468 483 curabis,
486 407 521 463 ut
538 408 713 464 reoresoant.
747 407 859 464 stereus
878 406 1059 465 caballinum

50 511 166 552 manum
190 494 291 570 plena,
315 495 433 552 alumen
455 494 554 569 pondo
578 497 625 573 ἦ,
651 491 714 570 [ab]
733 495 879 571 axungiae
898 494 978 573 pss,
1006 496 1059 554 alti

51 582 145 658 eapite
170 603 296 641 numero
310 582 347 658 V,
370 583 492 642 sulfuris
509 583 572 642 vivi
591 602 621 662 p.
641 597 698 644 ÷.
736 603 770 641 ex
789 602 823 642 eo
842 584 1058 643 medicamento

29 672 171 730 seottidie
197 670 314 730 eurabis
336 674 556 730 recrescentem.
602 691 707 731 sanum
729 672 789 731 fiet.

108 761 242 820 XXXIX
276 760 308 819 si
331 761 378 820 oiri
400 761 532 819 iumento
555 763 589 820 in
610 761 754 838 ungulam
774 759 955 834 Chironium,
979 761 1058 835 quod
1076 761 1136 816 630

51 850 171 924 quidam
205 849 313 908 vulnus
344 850 552 910 vermioiosum
583 853 707 924 vocant,
743 852 848 908 natum
880 849 985 926 fuerit,
1018 849 1060 908 sie

52 939 176 998 curabis.
214 939 310 997 sulfur
332 941 364 997 et
385 939 449 1014 pioe
472 939 597 1015 liquida,
620 939 750 997 resinam
772 939 911 996 tricatam
933 937 965 995 in
987 956 1059 996 vaso

52 1028 205 1104 decoquas
229 1030 259 1085 et
283 1045 350 1086 eum
372 1026 531 1101 bullirent,
553 1028 585 1084 in
608 1028 673 1103 ipso
696 1028 818 1087 vulnere
841 1026 960 1086 adicies,
1004 1027 1061 1084 hoo

25 1131 46 1172 ro
56 1117 152 1175 triduo
179 1116 261 1176 facis.
308 1117 333 1175 si
355 1117 411 1175 hoe
434 1135 493 1175 non
516 1115 678 1194 proficerit,
702 1117 811 1175 feolam
834 1116 978 1191 Spanam,
1002 1115 1061 1174 oal-

54 1224 112 1264 eem
135 1205 241 1264 vivam
264 1207 295 1262 et
317 1205 430 1264 lamina
452 1205 484 1263 in
506 1224 565 1264 uno
590 1205 718 1264 conteris
746 1208 776 1265 et
802 1204 980 1265 oribellabis,
1026 1224 1062 1262 ex

54 1295 154 1353 eodem
179 1293 395 1352 medicamento
425 1298 453 1352 et
478 1312 550 1352 vaso
575 1296 605 1352 et
631 1295 755 1354 lixivam
785 1295 914 1354 calidum
944 1311 1061 1369 coques.

54 1383 201 1458 quomodo
233 1383 415 1460 malagmam
451 1383 615 1442 ferventem
652 1383 690 1441 ad
721 1383 820 1442 looum
855 1401 955 1459 pones.
1005 1383 1061 1440 hoo

54 1473 151 1548 facies,
176 1490 359 1546 usquedum
381 1471 510 1530 vermioo
535 1472 734 1549 extinguatur.
780 1472 805 1530 si
826 1490 894 1530 earo
917 1491 977 1530 non
1001 1491 1061 1530 ore·

23 1576 44 1616 15
55 1562 138 1636 verit,
163 1561 239 1620 seias
263 1580 329 1618 eum
359 1579 465 1618 sanum
494 1579 580 1636 posse
609 1561 681 1620 fieri.
726 1561 905 1619 traumetioo
936 1560 1060 1619 curabis

56 1650 78 1706 si
99 1651 175 1708 haee
203 1649 303 1708 omnia
334 1667 394 1708 non
426 1649 611 1725 proficerint,
644 1650 720 1709 soies
752 1667 851 1708 ossum
882 1649 914 1706 in
946 1649 1060 1726 ungula
1078 1649 1135 1704 631

56 1739 196 1797 vitiatum
229 1756 305 1815 esse,
338 1758 374 1796 ex
406 1731 464 1813 quo
495 1739 624 1798 vermioo
658 1738 806 1797 exerescit.
855 1737 929 1796 haee
961 1739 1062 1795 autem

57 1846 125 1885 eura
155 1827 318 1886 difficiliter
349 1828 479 1886 curatur.
524 1827 607 1886 ouius
637 1830 738 1886 tamen
767 1826 883 1885 ratione
914 1843 1001 1884 ourae
1032 1827 1063 1882 et

58 1916 289 1990 experimentum
312 1916 411 1992 dooeo,
436 1916 684 1990 quemadmodum
707 1916 804 1975 ouran
826 1915 950 1991 possint.
996 1933 1063 1973 oum

26 2005 165 2064 renuens
188 2004 251 2063 eius
275 2023 367 2082 genus
389 2005 548 2082 vermigini
571 2023 686 2081 semper
703 2005 814 2063 multos
832 2022 946 2063 menses
965 2002 1063 2062 ourari

58 2107 120 2152 non·
137 2094 282 2170 potuisse,
311 2093 353 2152 sio
375 2092 501 2152 surabis.
546 2094 638 2153 elides
660 2095 825 2153 iumentum
848 2095 878 2151 et
905 2094 1004 2152 loonm
1028 2111 1063 2150 ex

58 2200 162 2257 unque,
184 2182 236 2240 nbi
258 2182 391 2259 vermigo
414 2182 553 2258 inorevit,
581 2173 759 2264 seimissibus
782 2183 922 2242 cauteriis
955 2183 1060 2240 adures
1086 2180 1195 2240 140'b

58 2290 149 2346 usque
172 2290 220 2346 e0‚
242 2273 279 2329 ut
301 2271 339 2330 ad
362 2289 461 2330 ossum
484 2274 647 2346 perventae.
693 2291 796 2330 ourare
819 2271 945 2347 incipias
969 2271 1063 2345 oeldo,
1082 2269 1139 2324 632

61 2359 100 2418 sio
123 2362 222 2418 tamen
239 2380 277 2418 ne
299 2361 416 2419 fervens
439 2360 588 2436 imponde,
621 2361 672 2420 sed
702 2361 781 2436 quod
811 2379 901 2419 manu
923 2361 988 2435 pati
1011 2379 1063 2435 po-

28 2448 162 2524 uetueris,
192 2449 290 2508 ealore
319 2449 487 2524 vaporabis,
516 2467 608 2525 usqne
638 2449 715 2508 vitia
743 2449 860 2510 eadent.
907 2467 973 2506 oum
995 2450 1064 2505 usta

62 2536 224 2612 oeeiderint,
239 2536 342 2596 subtus
352 2537 484 2596 invenies
494 2557 593 2598 ossum
601 2538 751 2597 vitiatum.
779 2535 873 2615 [oum]
884 2536 1063 2594 traumatioo

63 2626 182 2704 surabis
206 2626 299 2686 donee
322 2626 412 2685 laxat
459 2645 526 2684 oum
548 2627 604 2686 hoo
628 2628 800 2702 ceciderint,
828 2625 959 2698 ornabis,
987 2625 1064 2683 siout

62 2714 165 2774 vulnus
187 2714 364 2790 permiserit.
409 2733 515 2773 sanum
540 2715 600 2774 fiet.
647 2717 723 2776 scies
753 2718 869 2789 tamen,
900 2733 966 2772 oum
997 2733 1064 2772 eum

63 2804 176 2879 usseris,
197 2805 229 2863 in
252 2822 395 2881 magnum
418 2804 550 2863 dolorem
573 2805 723 2864 fervuram
746 2807 777 2863 et
798 2805 944 2879 impetum
966 2802 1065 2878 ipsum

31 2891 163 2964 sopedem
193 2893 236 2951 ire
266 2911 320 2951 neo
349 2892 541 2970 refrigerare,
573 2893 631 2952 nisi
660 2912 763 2952 euram
791 2893 830 2951 ad
858 2891 1065 2950 maturitatem

65 2981 233 3053 pervenerit.

128 3069 176 3128 XL
215 3069 248 3128 Si
278 3070 325 3128 oui
350 3070 481 3129 iumento
507 3071 539 3128 in
561 3070 682 3146 ungulis
710 3069 830 3129 suffusio
861 3068 1065 3145 permanserit,
1084 3067 1142 3122 633

66 3179 270 3190 -——-———-

134 3243 147 3290 1
166 3255 265 3294 corone
282 3241 285 3309 t
301 3257 338 3310 sq.
358 3238 582 3294 excaldaverint:
595 3240 709 3306 oomni,
723 3240 758 3306 ef.
772 3240 851 3304 iufra
865 3242 918 3292 734
932 3241 941 3309 Η
955 3243 970 3291 3
986 3237 1044 3292 aloi
1057 3237 1066 3310 Η

72 3305 224 3365 Ginoddidi
231 3311 234 3383 t
244 3311 324 3379 iufra
331 3311 400 3382 69714
411 3316 426 3364 7
433 3309 649 3364 vermiculosum
655 3310 734 3376 infra
747 3312 756 3378 ΙΙ
771 3308 955 3364 9bnlbizant:
963 3309 1066 3363 =an=

69 3375 170 3435 lesount
182 3383 191 3452 Η
206 3387 238 3435 12
253 3398 299 3437 ex:
313 3399 381 3437 corr.
393 3383 420 3436 B
434 3384 443 3452 Η
459 3386 491 3435 18
511 3397 590 3436 eura:
609 3397 695 3434 causa
709 3382 736 3434 B
751 3383 759 3450 tl
774 3387 807 3435 20
821 3380 984 3450 vermiginis
999 3383 1066 3449 (em

70 3455 205 3523 aurose.)
213 3469 264 3523 per
272 3453 423 3524 pentinum
431 3471 485 3508 esse
490 3453 610 3522 perata
623 3453 632 3521 lt
647 3457 680 3505 22
690 3469 783 3522 ungue
794 3454 833 3507 B:
848 3451 913 3507 vino
927 3454 936 3522 ss
950 3457 983 3505 23
998 3451 1064 3524 aut}

72 3534 194 3586 perrenae
217 3528 227 3594 ΙΙ
249 3530 284 3576 24
301 3541 338 3594 sq.
357 3523 482 3594 potuerit
504 3527 513 3592 ΙΙ
536 3529 569 3577 26
583 3526 661 3577 tum?
684 3526 694 3592 ΙΙ
717 3529 749 3578 29
769 3523 857 3578 useris
874 3525 878 3594 Ι
894 3540 1045 3593 mangnum
