2512 3906
138 173 182 237 28
347 172 632 229 MULOMEDICINA
650 171 820 227 OHIRONIS
839 177 945 227 81-84

142 323 279 402 colligas,
304 324 443 402 stringito
463 327 493 382 et
511 324 636 382 lacinias
654 343 714 382 non
732 322 838 400 longas
858 340 872 380 c
890 322 999 397 capillo
1018 323 1145 381 remittes

141 416 173 471 01
186 412 365 472 anacollima
379 413 504 491 curabis,
520 414 637 472 oculum
652 412 794 489 colligato
809 411 941 486 cottidie,
951 411 1045 471 donec
1058 411 1146 469 cadat.

142 520 209 560 cum
228 502 374 578 ceciderit,
392 503 486 560 uteris
504 503 670 561 fomentum
689 520 724 559 ex
742 501 913 578 fenugraeci
932 519 1000 558 suco
1021 502 1053 558 01
1065 499 1146 558 melle

141 592 173 648 01
191 592 283 649 aceto.
320 591 454 668 inunges,
474 591 499 650 si
518 592 655 650 ulbamen
677 590 791 664 fecerit,
813 589 928 648 collirio
952 607 1029 647 0000.
1070 607 1146 648 cura·

141 679 195 737 bis.
233 697 338 738 sanum
359 679 419 738 fiet
466 681 518 738 elii
541 680 680 738 dixenmt
702 677 843 754 scalpello
872 697 938 736 eam
965 678 1179 737 venuculams

142 769 178 826 de
202 769 286 827 oculo
306 769 374 828 tolli
393 769 505 827 debere.
552 769 603 828 sed
626 787 686 826 non
707 769 787 826 recte
809 767 874 825 fieri
902 767 1048 825 existimo.
1090 785 1147 825 sae-

141 857 261 932 pissime
291 859 369 916 enim
397 857 545 934 contingit
573 877 608 915 ex
638 857 749 914 haere
783 855 902 914 oculum
933 874 1018 930 posse
1047 855 1147 931 perire.

143 964 234 1021 quare
257 947 426 1005 faciendum
449 947 628 1020 (1000000100,
652 945 730 1004 01001
752 963 842 1020 00000
865 945 959 1004 docui.
1222 944 1223 948 ’

83 1033 120 1089 81
203 1033 449 1110 XQuodcunque
467 1035 633 1092 iumentum
650 1035 682 1092 in
697 1034 782 1092 oculo
800 1030 856 1109 [in]
873 1051 987 1110 ungues
1001 1033 1149 1106 nutrierit,
1223 1094 1224 1107 ,

141 1123 265 1200 terrigia
303 1141 378 1198 quae
408 1125 566 1198 00000100,
604 1123 645 1182 010
678 1123 802 1182 curabis.
856 1122 880 1180 01
917 1125 1018 1180 tamen
1050 1121 1183 1181 orbemlo

141 1211 305 1289 nigredinis
328 1231 388 1270 000
411 1212 558 1289 tetigerit,
582 1212 695 1287 depone
718 1212 884 1269 iumentum
901 1213 934 1268 et
951 1210 1072 1270 oculum
1091 1211 1150 1268 eius
1226 1209 1228 1292 ',

142 1300 270 1376 0000100,
298 1300 437 1359 similiter
464 1301 611 1377 quomodo
640 1301 791 1359 claucoma
818 1299 977 1377 pungenti,
1008 1300 1038 1356 et
1068 1318 1151 1358 acum
1227 1293 1228 1304 ¹

142 1392 246 1464 suptus
272 1388 370 1463 ipsum
397 1389 553 1467 terrigium
585 1389 704 1448 traicies
737 1407 803 1447 cum
834 1389 896 1447 lino
924 1387 1100 1447 tenuissimo
1123 1390 1152 1445 01
1224 1428 1230 1473 ,

142 1477 302 1552 suspendes
322 1478 421 1554 ipsum
439 1479 596 1555 terrigium
615 1477 750 1554 superius
769 1479 799 1535 01
817 1476 958 1552 scalpello
978 1477 1151 1536 decarnabis
1225 1475 1232 1542 ’ἶ

144 1565 301 1624 subtiliter.
339 1567 465 1643 desuper
480 1568 548 1643 ipsa
571 1570 680 1642 cerato,
702 1567 769 1624 ideo
792 1566 929 1641 inprimis
953 1564 990 1624 ab
1014 1566 1085 1624 orbe
1109 1566 1187 1624 01·ιο
1226 1555 1232 1603 's

143 1655 275 1731 gredinis
297 1657 482 1732 persequeris
504 1675 597 1732 usque
626 1657 664 1714 ad
692 1655 835 1732 angulum
858 1655 945 1729 oculi,
972 1653 1061 1713 tolles
1087 1675 1153 1713 eum
1231 1653 1232 1662 ’

87 1742 294 1819 8200010οΙ10.
339 1745 455 1804 curabis
475 1745 523 1804 sic.
565 1745 597 1803 in
619 1745 794 1803 lenteolum.
809 1789 816 1802 .
833 1789 839 1801 .
856 1743 999 1819 pusillum
1017 1746 1153 1802 tenerum
1235 1807 1236 1814 ,

144 1850 212 1890 cum
231 1833 292 1891 sale
310 1834 426 1892 modico
445 1835 615 1893 involutum
637 1833 788 1910 intingues
811 1833 843 1890 in
867 1835 950 1892 aceto
974 1851 1042 1890 acro
1068 1833 1153 1890 etin

143 1921 209 1996 1000
242 1923 352 1998 angulo
386 1923 479 1996 oculi,
515 1922 593 1980 unde
629 1922 786 1999 terrigium
817 1921 1004 1997 praecidisti,
1040 1921 1153 1997 inpone

141 2029 195 2084 pro
227 2011 405 2087 cauterium,
437 2031 474 2069 00
501 2030 620 2069 rursum
648 2012 804 2069 excrescat.
850 2011 950 2069 eludes
978 2010 1099 2069 oculum
1123 2013 1153 2068 et
1166 2023 1189 2062 20

142 2099 354 2173 superinpones
369 2101 533 2176 spongiam,
553 2118 619 2158 cum
637 2118 728 2174 pusca
746 2099 849 2175 tepida
867 2099 1030 2176 colligabis,
1054 2098 1152 2158 altero

141 2186 188 2244 die
220 2186 316 2246 solves
346 2190 376 2246 et
407 2188 556 2246 10000100
587 2189 705 2247 oculum
735 2188 821 2246 calda
849 2187 984 2263 simplici.
1026 2187 1154 2264 inpones

141 2275 290 2334 collirium
312 2296 365 2351 per
388 2276 450 2336 dies
473 2276 539 2334 VII.
586 2295 690 2336 sanum
712 2276 771 2334 fiet.

85 2364 122 2420 83
208 2363 251 2422 XI
275 2363 475 2440 Quodcunque
498 2367 662 2423 iumentum
685 2365 716 2423 in
745 2365 813 2440 ipsa
834 2365 978 2441 palpebra
1002 2364 1081 2423 oculi
1105 2365 1154 2424 001

141 2469 222 2511 secus
253 2453 396 2530 angulum
422 2454 617 2514 incomatium
641 2454 793 2529 nutrierit,
821 2454 962 2529 scalpello
990 2473 1058 2511 eum
1082 2453 1151 2512 sub·
1166 2464 1191 2506 2⁵

140 2541 236 2600 tiliter
258 2543 367 2617 tollito,
390 2543 435 2602 ita
457 2545 493 2601 01
514 2544 664 2621 integrum
688 2543 805 2602 auferas
829 2562 896 2601 cum
925 2561 977 2601 suo
1000 2541 1153 2618 10111001ος

140 2649 210 2688 nam
232 2632 399 2690 renascitur
419 2632 536 2690 iterum.
583 2651 650 2690 cum
673 2632 815 2691 exemeris
843 2651 921 2708 eam,
948 2630 1072 2690 fibulam
1096 2632 1152 2690 im·

139 2738 240 2795 pones,
264 2721 411 2795 quomodo
435 2721 543 2780 vulnus
565 2721 736 2797 frequenter
758 2739 860 2779 curare
880 2721 1005 2796 oportet.
1043 2720 1152 2779 deinde

140 2809 331 2884 sequentibus
354 2810 457 2869 diebus
475 2813 545 2886 post
562 2810 668 2868 fibulas
682 2812 786 2885 ruptas
805 2809 1016 2867 tetrafarmaco
1036 2812 1151 2868 curato.

140 2897 182 2955 010
210 2916 314 2956 sunum
344 2899 402 2958 fiet.
449 2901 552 2958 curato
584 2900 675 2973 hunc,
707 2901 743 2956 01
774 2899 969 2974 quodcunque
998 2897 1031 2954 in
1063 2899 1152 2957 oculo
1166 2912 1192 2952 eo

139 2987 319 3064 contingerit
354 2987 404 3047 001
440 2988 600 3047 suffusione
632 2987 680 3047 001
717 2987 908 3062 0110000110,
946 2987 987 3045 010
1023 2987 1153 3046 curabis

83 3072 120 3129 sl
140 3075 258 3133 oculum
286 3095 368 3135 mero
396 3076 478 3136 laves
511 3077 560 3136 010.
612 3077 644 3134 10
676 3094 762 3134 nares
795 3076 899 3134 dextra
931 3075 1052 3134 sinistra
1083 3075 1154 3151 ipsa

211 3243 1153 3315 10111010200100100000.1111010000001001010000000.

139 3316 166 3368 B
188 3318 198 3385 ΙΙ
222 3321 255 3368 10
274 3315 391 3385 terrigia
404 3343 439 3360 =
453 3315 587 3385 πτερύγια
609 3319 618 3386 ll
642 3315 840 3370 1101000000
863 3319 872 3386 ΙΙ
896 3313 1101 3370 171001001000
1117 3343 1153 3362 =

137 3383 298 3453 linteolum,
322 3393 391 3455 puto
419 3388 549 3441 0001011000
572 3386 633 3441 0100
661 3389 670 3456 Η
697 3393 732 3439 20
754 3387 966 3457 procalterium:
999 3403 1081 3454 super
1107 3387 1155 3441 cal

136 3473 268 3581 00100000.
295 3472 348 3510 000
375 3459 384 3525 ll
411 3463 445 3510 25
469 3457 656 3511 incomacium
674 3483 708 3504 ==
728 3457 913 3528 ἐγκομμάτιον
932 3458 960 3511 Β
987 3460 996 3527 ΙΙ
1023 3462 1057 3510 30
1085 3456 1152 3528 ch.
