2474 3910
223 151 504 208 MULOMEDIOINA
522 152 692 207 OHIRONIS
712 157 851 208 753-756
974 153 1039 217 235

94 301 173 360 VHI
196 301 274 362 Nam
297 305 327 362 et
348 304 404 362 hoo
428 303 532 364 dooere
551 307 676 379 oportet.
715 304 908 379 quodeunque
927 303 1039 363 iumen·
1061 305 1116 360 755

34 393 92 448 tum
114 410 211 452 unum
233 392 351 452 ooulurn
376 393 512 452 olaueum
533 392 645 450 habent
672 395 702 451 et
725 392 852 450 alterum
875 392 1040 468 limpidum,

33 479 100 540 seito
133 498 185 542 eos
213 498 272 540 non
295 481 331 540 de
359 481 501 540 ambobus
530 481 623 540 oeulis
645 481 753 539 videre.
802 477 869 556 [IX]
896 481 1039 550 Quemad-

33 569 152 626 modum
183 569 216 626 hi
247 569 299 644 qui
331 569 446 628 alterna
477 589 574 647 genua
604 569 731 644 habent,
768 569 819 644 qui
851 570 1041 645 appellantur

12 675 135 732 agraeos
149 658 351 733 beterosoeles
365 658 438 717 item
457 659 509 734 qui
527 659 657 718 alternos
674 659 767 732 pedes
785 657 904 732 habent,
919 659 970 733 qui
989 677 1040 734 ap-

33 746 184 820 pellantur
206 765 311 824 graeoe
332 747 529 822 teteropodes‚
552 747 584 804 hi
607 747 685 806 enim
707 765 767 806 non
787 749 912 822 possunt
928 749 1040 806 restam

32 835 265 894 ambulationem
277 835 376 895 faeere
389 853 444 895 000
458 854 582 914 cursum,
596 838 696 911 itaque
711 839 741 894 et
755 835 877 894 subinde
888 835 1040 894 deficiunt:

33 924 170 982 similiter
194 924 294 983 ethio
316 943 376 983 non
399 927 500 1000 potest
521 925 556 982 de
579 925 719 1000 utrisque·
737 924 829 984 oeulis
852 924 966 998 videre,
990 927 1042 999 qui

33 1012 163 1072 alternos
195 1013 295 1072 oeulos
324 1012 451 1088 habent,
479 1013 659 1089 relinquitur
688 1013 767 1072 enim
797 1012 918 1074 subinde
948 1031 1041 1089 apu-

6 1101 111 1175 spilla.
149 1101 203 1176 qui
222 1103 311 1160 etiam
329 1104 398 1161 sunt
416 1102 512 1160 dolosi
530 1104 561 1160 et
578 1102 701 1160 subinde
724 1093 902 1183 exlpavesoit
919 1104 1042 1177 propter
1062 1102 1164 1163 147²b

32 1189 59 1248 id
80 1191 202 1264 vitium,
226 1190 296 1265 quia
318 1209 378 1249 non
400 1190 479 1250 idem
501 1190 610 1250 vident
651 1210 706 1249 neo
727 1191 760 1248 hi
782 1190 959 1250 admittendi
980 1209 1040 1249 non

33 1283 117 1338 erunt
135 1278 175 1338 ad
195 1279 408 1340 ammissuram.
449 1276 500 1355 [X]
522 1279 607 1338 Parti
627 1279 747 1354 quidem
763 1281 824 1356 bos,
844 1280 895 1354 qui
914 1297 948 1338 eo
965 1279 1041 1339 vitia
1063 1278 1117 1335 754

32 1367 150 1443 habent,
172 1364 229 1443 [et]
251 1368 423 1428 existimant
441 1385 503 1459 pase
522 1385 691 1445 generosos,
715 1368 785 1443 quia
807 1368 946 1427 videntur
968 1371 1042 1444 aput

33 1475 78 1514 eos
107 1457 226 1532 priores
255 1457 320 1516 nuti
350 1475 421 1515 esse.
467 1457 626 1532 quodquod
656 1459 756 1516 autem
786 1457 892 1515 exoelsi
922 1458 988 1533 equi
1012 1460 1041 1516 et

6 1545 154 1606 uformosi
177 1547 287 1604 natura
308 1546 448 1604 ridentur
470 1563 545 1620 esse,
575 1548 606 1604 et
631 1545 664 1605 hi
686 1545 825 1604 videntur
847 1545 889 1603 ibi
911 1547 1041 1620 primum

33 1635 93 1692 nati
108 1651 182 1711 esse,
201 1633 421 1710 propterquod
440 1635 470 1692 et
488 1634 603 1710 metiquo'
625 1637 687 1692 ebes
703 1633 834 1710 regionis
851 1633 931 1708 ipsos
950 1651 1041 1709 equos
1126 1681 1127 1688 ,

33 1721 138 1782 Partos
161 1722 363 1797 appellabant.
404 1719 471 1798 [XI]
492 1723 591 1782 Dooeo
610 1725 711 1781 autem
729 1725 760 1780 et
781 1723 845 1781 hoo.
882 1722 1040 1797 quodquod
1062 1724 1117 1781 755

32 1810 233 1870 iumentorum
255 1829 363 1886 pravas
385 1811 476 1870 facies
500 1812 627 1870 afferunt
650 1814 703 1870 aut
724 1811 790 1886 ipsa
814 1811 926 1870 orifieie
945 1814 997 1869 aut
1016 1812 1041 1869 si

35 1901 82 1973 qui
104 1919 197 1976 super
219 1900 319 1960 ooulos
343 1900 474 1976 aliquam
497 1901 677 1977 pravitatem
699 1900 817 1975 habent,
840 1899 891 1958 isti
913 1900 1041 1975 plerum·

6 2005 87 2062 oque
110 1988 293 2047 naturaliter
315 1989 455 2048 diuturno
477 1989 510 2048 in
532 1989 596 2048 vita
618 1991 780 2046 morantur.

96 2077 157 2134 ΧΠ
180 2077 221 2136 Et
244 2077 279 2134 de
297 2078 353 2136 hoo
376 2077 495 2152 quidem
518 2077 644 2136 seribere
668 2076 801 2153 oportuit
823 2077 887 2136 fieri
910 2077 949 2136 ad
972 2076 1040 2136 Sar·
1062 2080 1117 2135 756

103 2305 118 2352 1
139 2316 178 2368 sq.
197 2299 233 2354 H
248 2303 319 2367 53‚5
337 2316 375 2368 01,
395 2299 422 2354 ολ
446 2297 652 2368 ἑτερόφθαλμοι
675 2317 731 2352 σον
753 2297 846 2354 ἵππων
871 2301 903 2354 οὐ
923 2299 954 2353 τὸ
973 2300 1041 2354 αὐτὸ

37 2367 166 2439 βλέπουσι
184 2378 243 2431 τοῖς
262 2369 428 2438 ὀφθαλμοῖς.
466 2367 551 2437 ὅνπερ
574 2369 628 2439 γάρ
651 2367 738 2424 τόπον
763 2369 777 2424 ὁ
802 2369 976 2439 ἑτεροσιιελὴς
993 2371 1042 2425 καλ

36 2439 217 2507 direptum
236 2439 328 2505 σκάζει
346 2442 394 2496 παλ
417 2438 540 2495 λείπεται
562 2445 599 2513 τῷ
622 2438 779 2513 περιπάτῳ,
803 2439 874 2495 οὕτω
897 2442 946 2494 καὶ
965 2437 1042 2495 οὗτοι

35 2517 70 2584 τῷ
88 2512 220 2583 ὃραιιιιῷ.
257 2512 310 2565 elul
328 2509 359 2565 δὲ
378 2513 427 2566 καὶ
444 2512 565 2581 πονηροὶ
587 2512 636 2565 ναὶ
660 2509 825 2582 ἐπτοημένοι
848 2510 903 2565 διὰ
915 2510 967 2581 τὴν
986 2510 1041 2564 ἑνε-

36 2579 227 2652 maumam.
253 2581 504 2655 παραλαμβάνουσι
523 2579 554 2636 δὲ
573 2582 675 2644 αὐτοὺς
694 2583 809 2651 Πάρθοι
828 2582 865 2644 ὡς
882 2581 1042 2650 εὐγενεστά-

36 2673 103 2717 τους.
135 2655 251 2708 δοκοῦσι
265 2654 357 2722 (δοκεῖ
368 2655 451 2724 trad.)
465 2650 497 2707 dt
511 2650 578 2721 παρ’
597 2651 714 2714 ἐκείνοις
726 2653 846 2721 πρώτοις
864 2656 1041 2722 γεγενῆσθαι.

36 2726 81 2778 ιαλ
99 2722 161 2778 ὅσοι
181 2722 212 2778 δὲ
231 2722 353 2779 ποικίλοι
371 2729 408 2796 τῷ
425 2721 549 2795 χράματί
567 2725 674 2795 (lepttree
694 2723 796 2778 Chiron
813 2723 917 2793 ὑψηλοὶ
934 2727 972 2796 τῷ
991 2724 1042 2777 σά-

38 2801 127 2864 perer)
147 2794 208 2864 εἰσι,
227 2797 276 2850 aul
295 2791 371 2850 οὗτοι
390 2797 505 2849 δοκοῦσι
522 2793 588 2863 παρ’
608 2791 726 2858 ἐκείνοις
745 2795 866 2863 πρώτοις
888 2792 1042 2864 μεμονέναι.

38 2866 79 2922 διὸ
104 2867 154 2921 παλ
181 2865 208 2920 oi
234 2864 268 2934 άρ
287 2875 346 2922 αῑοι
370 2865 509 2934 Πάρθους
534 2866 636 2928 αὐτοὺς
661 2864 818 2934 ὠνόμασαν.
856 2863 917 2919 ἴσθι
939 2862 971 2919 dl
994 2867 1042 2919 ιιαλ

37 2946 115 2992 τοῦτο
136 2934 179 2992 ὅτι
197 2945 253 2992 τῶν
268 2887 360 2992 ἔπαιον
379 2937 406 2991 οἱ
424 2937 596 3006 ἀλφόρυμχοι
610 2937 659 2991 καλ
676 2935 894 3005 άλφοπρόσωποι
912 2937 961 2991 καὶ
979 2937 1043 3003 περὶ

36 3009 99 3070 τοὺς
122 3007 288 3078 ὀφθαλμοὺς
309 3007 458 3081 (bipede)
478 3007 599 3079 ἔχοντες,
618 3003 695 3062 οὗτοι
713 3007 769 3062 άπὸ
788 3015 837 3077 τῆς
854 3005 986 3076 γενέσεως
1004 3007 1043 3070 εἰς

37 3079 85 3132 τὸν
97 3079 312 3148 ααταγηρασμὸν
330 3077 579 3150 πολυχρονιώτεροί
597 3079 675 3134 εἰσιν.
690 3080 729 3148 115
748 3077 858 3132 etheron
878 3078 1021 3132 celesitem
1037 3078 1041 3150 1

39 3149 116 3203 sedes
130 3153 139 3219 11
162 3156 178 3204 6
197 3153 227 3204 ot
248 3149 398 3220 1100010111
422 3155 437 3203 7
456 3154 570 3204 eursunt
589 3165 660 3217 quae
674 3151 683 3218 11
706 3155 722 3203 8
741 3151 822 3218 (10011
846 3155 879 3203 10
898 3149 984 3203 etiam
1002 3150 1042 3204 B:

40 3221 110 3274 enim
123 3223 132 3290 1
147 3227 181 3274 12
200 3223 310 3290 partem
323 3219 438 3289 quidem
453 3238 483 3275 os
498 3221 594 3289 quieta
608 3222 617 3290 11
632 3226 664 3274 13
680 3219 847 3274 extimantes
866 3237 896 3274 se
909 3222 918 3289 11
930 3226 967 3273 111
980 3219 1042 3288 qui:
1139 3227 1141 3232 ’

39 3307 104 3346 (ουν.
122 3293 150 3347 Β
169 3293 178 3362 11
198 3297 231 3345 16
249 3291 361 3360 antiqui
379 3291 483 3364 (eius)
501 3292 611 3360 scripsi:
631 3290 734 3359 aliquis
748 3293 757 3359 11
776 3291 945 3361 0101111777.
961 3309 990 3360 p.
1006 3295 1042 3345 81

41 3362 112 3432 (ρλβ’
132 3359 240 3417 εἰδέναι
268 3378 297 3417 σε
324 3359 398 3418 θέλω
426 3361 557 3432 γίνεσθαι
582 3360 661 3429 παρὰ
684 3360 848 3430 Σαρμάταις
875 3361 1044 3432 (παρμάσαις

41 3435 104 3502 cod.)
134 3431 228 3496 ἐνίους
255 3435 304 3488 καὶ
327 3431 490 3504 συμβαίνειν
513 3433 569 3487 ἀπὸ
593 3440 641 3501 τῆς
664 3433 817 3502 γεννήσεως
842 3433 880 3496 εἰς
902 3434 968 3496 τοὺς
998 3435 1040 3488 ιδ’

42 3511 127 3572 μῆνας
148 3502 379 3574 παραγινομένην
401 3505 453 3574 τὴν
472 3503 582 3559 [rnoldo
606 3502 718 3574 (inulto
740 3507 823 3575 trud.)
841 3502 951 3575 κίνησιν
970 3503 1043 3576 ἔχειν
