2462 3906
177 142 244 207 290
300 109 302 114 ’
365 137 647 194 nunounoronrn
666 99 835 193 carnotus
855 141 996 190 err-an

177 291 335 368 capitibus,
356 291 402 349 ita
424 293 459 348 ut
480 292 541 348 tres
563 289 624 347 ista
645 288 740 347 mixta
762 288 893 346 habeant
916 301 957 346 aa
979 286 1002 361 Ι,
1024 285 1097 362 quod
1118 283 1170 342 sin-

177 381 250 460 gula
288 380 388 455 capita
427 379 560 453 accipere
596 377 711 436 debent.
761 377 934 436 adiumenta
965 375 1113 451 portulaca
1145 374 1171 430 et

177 488 298 548 magma
325 468 403 529 croci
431 470 462 526 et
484 467 677 544 dragantum,
705 467 730 524 si
757 468 858 524 autem
884 483 1004 542 magma
1025 463 1099 522 croci
1119 480 1172 519 non

176 559 276 635 fixerit,
295 577 413 618 crocum
430 557 535 615 misces
553 554 760 614 aestimatione
778 555 861 614 facta
879 553 1060 631 singularum
1075 551 1173 610 harum

177 647 343 723 specierum
369 664 423 722 pro
450 645 538 703 modo
568 658 609 703 ss
632 642 655 701 Ι.
700 644 769 702 huic
797 643 907 702 adicies
934 643 997 702 cini
1021 639 1126 702 veteris
1145 641 1205 697 ias

178 736 297 814 singula
319 735 420 811 capita
444 733 599 809 quartaria
622 732 748 810 singula.

243 825 326 900 potio
363 822 516 882 aestivalis
550 821 775 898 refrigeratoria
807 821 932 896 simplex
966 821 998 877 in
1031 818 1174 894 quadriga.

175 914 269 972 butiri
291 931 317 1002 p
339 911 415 986 1111,
437 911 534 970 mellis
557 927 582 998 p
603 909 673 987 1111,
695 909 783 969 lactis
805 909 921 985 caprini
943 922 986 968 aa
1007 907 1076 966 IHI.
1110 906 1175 964 baec

178 1002 279 1062 omnia
301 1000 477 1075 irimiscebis,
501 1019 555 1075 per
576 999 676 1058 triduo
700 999 792 1058 dabis.

100 1093 159 1150 922
246 1090 386 1167 quatinus
414 1088 592 1148 animalibus
620 1087 837 1163 providendum
862 1087 902 1146 sit
924 1088 1059 1163 tempore
1079 1082 1175 1142 hiemis
1186 1100 1208 1138 a

175 1180 224 1242 uel
261 1179 393 1239 aestatis.
443 1176 592 1253 tapetium
628 1195 695 1235 cum
731 1176 860 1254 axungia
895 1178 995 1235 vetere
1033 1175 1177 1234 contusum

176 1268 261 1328 dabis
283 1267 497 1344 pertriduum,
516 1267 561 1324 ita
578 1268 613 1325 ut
630 1265 663 1323 in
684 1268 786 1340 partes
804 1265 897 1324 facias
916 1265 1000 1338 offas,
1017 1263 1051 1322 in
1067 1261 1177 1321 modum

176 1356 322 1434 axungiae
344 1356 518 1416 deiciantur.
556 1354 640 1414 dabis
664 1354 710 1413 die
733 1353 831 1430 prima
854 1372 977 1412 numero
998 1352 1037 1426 V,
1060 1348 1176 1410 secunda

177 1448 303 1523 septem,
327 1446 417 1504 tertia
440 1465 556 1518 novem,
579 1445 608 1502 et
630 1443 744 1503 aestivo
767 1446 900 1520 tempore
923 1440 1176 1518 refrigeratoriam,

176 1537 336 1610 postquam
360 1533 528 1610 acceperint
551 1533 632 1590 offas.
678 1531 831 1607 potionem
857 1531 950 1590 facies
975 1531 1076 1590 talem
1120 1529 1204 1587 her-n

175 1624 246 1682 bam
263 1624 451 1699 portulacam
473 1622 580 1698 collige
604 1624 634 1680 et
652 1624 715 1680 tere
738 1620 906 1698 diligenter,
929 1613 1022 1680 facies
1044 1618 1077 1677 in
1099 1634 1176 1692 aqua,

177 1712 287 1772 adicies
314 1712 373 1772 olei
399 1711 477 1771 rosei
503 1728 528 1799 p
551 1710 580 1787 Ι,
612 1709 691 1770 croci
720 1727 746 1798 p
771 1724 801 1790 p,
832 1727 887 1768 oca
913 1709 974 1767 tria
1004 1727 1066 1767 non
1094 1707 1176 1777 cocta,

175 1802 239 1861 vini
261 1801 378 1862 veteris.
424 1800 466 1860 sic
486 1800 561 1858 haec
584 1800 684 1858 omnia
707 1798 878 1859 commisces
901 1800 932 1856 et
954 1796 1047 1856 dabis.

101 1892 159 1948 922
245 1891 310 1966 pioe
340 1888 463 1968 galbani
491 1885 579 1964 311,
608 1887 809 1963 appoponaois
832 1888 854 1956 3
875 1887 919 1964 II,
948 1885 1076 1946 castorei
1104 1879 1176 1954 311,

175 1979 290 2038 resinae
304 1978 491 2037 terbentinae
507 1975 596 2055 3111,
610 1978 725 2036 resinae
739 1977 844 2036 frictae
863 1974 922 2050 31,
936 1993 1020 2034 cerae
1034 1973 1132 2049 pondo
1144 1969 1175 2027 II.
1185 1985 1204 2024 a

242 2067 282 2124 ad
301 2067 497 2126 ranunculum
517 2066 727 2125 iumentorum.
763 2064 862 2141 ipsum
881 2065 989 2141 locum,
1012 2063 1066 2122 ubi
1083 2077 1175 2139 parere

176 2155 316 2232 coeperit,
340 2155 367 2213 ei
391 2175 458 2216 cum
480 2154 545 2231 pice
568 2155 684 2230 liquida
706 2174 759 2230 per
782 2153 880 2232 girum
902 2153 999 2212 linito.

242 2245 268 2302 si
286 2243 348 2303 bos
365 2244 536 2303 febricitare
554 2243 693 2321 coeperit,
712 2262 789 2302 vena
808 2243 835 2301 ei
854 2243 908 2302 sub
925 2243 1032 2320 lingua
1049 2236 1177 2299 tumescit

174 2350 268 2409 usque
288 2333 326 2392 ad
344 2351 490 2391 summam
507 2333 650 2410 linguam.
680 2332 728 2392 cui
747 2331 783 2390 de
802 2350 838 2390 ea
856 2331 978 2409 sanguis
995 2331 1079 2388 mitti
1092 2327 1174 2386 debet.

100 2421 159 2480 974
245 2423 270 2480 si
296 2422 406 2482 bobum
433 2439 538 2480 cancer
565 2423 712 2497 temptare
735 2421 878 2496 coeperit,
905 2418 1087 2479 testudinem
1109 2427 1204 2475 oon-u

175 2510 264 2570 bures
288 2513 318 2569 et
341 2511 469 2569 cinerem
491 2509 554 2568 eius
577 2529 612 2568 ex
634 2510 704 2570 vino
728 2508 820 2568 dabis.

243 2599 332 2660 boves
355 2602 382 2659 si
403 2616 511 2676 rugoso
531 2602 583 2658 aut
606 2600 759 2658 contracto
777 2616 899 2674 corporo
919 2598 1007 2655 erunt
1025 2597 1080 2655 ant
1093 2592 1175 2670 pilum

177 2688 348 2766 demittent,
376 2689 473 2746 solent
501 2705 612 2762 aquam
640 2688 817 2747 intercutem
839 2687 961 2763 habere,
995 2689 1027 2744 et
1053 2684 1119 2743 ideo
1144 2677 1174 2738 ab

176 2780 338 2836 extremam
360 2777 486 2836 caudam
508 2795 601 2852 usque
626 2777 663 2835 ad
688 2821 747 2834 ...
771 2777 818 2834 4⁰²
841 2775 951 2854 digitos
975 2775 1017 2834 sic
1047 2772 1080 2832 in
1104 2770 1172 2829 recto

173 2867 267 2926 facies
290 2870 318 2924 et
340 2885 457 2924 omnem
478 2866 634 2924 humorem
656 2863 809 2924 exiccabis.
1181 2869 1201 2910 Μ

247 3005 261 3052 1
276 3015 319 3053 res
334 2997 376 3052 ita
389 2997 495 3053 mixtae
505 3000 533 3052 Β
546 3000 555 3069 ii
570 3003 633 3069 bag.
648 2997 679 3052 in
692 2998 795 3052 veteris
810 2997 934 3068 singula:
953 2995 1044 3066 suppl.
1055 2996 1083 3049 Β
1095 2997 1105 3064 t
1118 2997 1172 3045 ire·

174 3069 309 3141 frigerato
321 3069 324 3141 Ι
341 3069 488 3139 quadrage
501 3073 511 3139 ΙΙ
524 3075 540 3123 9
555 3069 664 3151 (vino)
674 3068 806 3124 miscebis
816 3070 844 3123 Β
857 3071 866 3140 Η
881 3073 916 3122 11
929 3065 1073 3138 lapacium
1086 3068 1095 3136 ΙΙ
1109 3069 1138 3117 12
1149 3059 1172 3112 in

173 3144 281 3212 partes:
300 3139 412 3210 inpares
431 3142 459 3195 Β
472 3143 482 3210 l
497 3147 530 3194 13
549 3157 672 3210 axungra
685 3143 694 3210 ΙΙ
709 3147 742 3194 14
760 3143 816 3211 utu
830 3145 866 3194 17
878 3138 990 3194 abatria
1003 3141 1013 3208 Ιι
1028 3143 1062 3192 18
1080 3136 1116 3191 ei:
1135 3147 1172 3186 re

173 3211 242 3267 teris
262 3230 283 3266 s.
303 3213 331 3282 (i.
347 3228 367 3266 e.
384 3212 546 3282 sextarium)
564 3212 578 3266 I
595 3212 623 3265 Β
641 3218 652 3279 t}
671 3218 704 3265 21
725 3211 763 3265 ad
781 3210 982 3266 dracunculum
995 3211 1006 3280 l
1023 3214 1058 3263 23
1080 3206 1152 3287 ligna
1164 3200 1172 3262 l

174 3290 209 3338 24
227 3282 335 3353 liguam
348 3285 358 3352 l
377 3288 411 3336 ab
431 3299 542 3337 canem:
561 3299 629 3338 corr.
648 3284 676 3337 Β
690 3285 699 3352 l
713 3288 746 3336 27
766 3281 791 3337 si
809 3282 910 3336 addidi
912 3283 930 3406 [p
944 3297 1015 3350 rugo
1033 3283 1043 3350 ΙΙ
1061 3284 1094 3334 28
1111 3276 1172 3329 mter

174 3356 268 3408 cutem
281 3355 290 3422 ΙΙ
304 3358 337 3406 29
361 3354 396 3420 of.
420 3370 507 3422 supra
520 3358 573 3408 401
592 3352 789 3424 paracentesin
802 3353 890 3408 facies
931 3368 946 3406 e
965 3353 1064 3406 ventre
1074 3395 1080 3405 .
1091 3393 1097 3405 .
1108 3390 1129 3404 ..
1142 3343 1171 3397 ab

174 3422 315 3477 umbelico
333 3423 385 3476 llll
403 3423 501 3492 digiti·
515 3424 627 3492 longius
646 3425 684 3479 ad
697 3427 838 3480 veretrum
855 3441 967 3492 versus3
987 3423 1023 3491 cf.
1037 3425 1093 3478 222
1097 3461 1106 3488 ,
1118 3418 1171 3478 679,

176 3497 232 3547 708
242 3509 295 3562 sq.;
311 3495 315 3560 Ι
331 3508 368 3561 aq.
388 3492 492 3562 digitos
511 3496 662 3550 sectionem
680 3495 767 3551 facies
786 3497 814 3550 Β
827 3499 837 3567 ΙΙ
851 3501 885 3551 30
904 3513 938 3550 ex
