2512 3906
246 187 530 246 MULOMEDIOINA
548 188 716 244 CHIRONIS
737 195 876 244 170-173
1019 189 1062 254 53

77 337 199 398 dixerunt.
235 341 397 416 cuicunque
416 340 621 417 sanguilentus
639 341 745 400 humor
762 361 816 416 per
832 359 918 400 nares
937 342 1065 416 profluet

75 431 96 484 et
114 447 231 505 croceus,
255 429 345 488 morti
367 430 521 504 proximat.

126 518 221 577 aridus
244 519 318 577 haec
340 519 414 577 facit
436 519 530 596 signa.
576 518 624 576 cui
645 518 745 576 nullus
767 518 874 576 humor
900 539 954 594 per
976 538 1062 578 nares
1081 520 1139 576 1711

73 605 173 664 videtur
193 607 348 682 profluere,
372 607 503 682 suspirat
520 607 661 684 graviter,
683 625 770 664 nares
789 610 922 666 extensos
942 608 1065 667 habebit

54 695 160 753 totilla
182 696 328 756 introrsus
356 696 489 770 adducit,
519 695 601 754 cuius
630 699 660 754 77
686 699 787 772 tergus
815 695 921 754 durum
945 699 974 754 et
997 716 1063 756 con·

73 786 183 842 tractum
215 785 379 859 invenitur,
418 788 447 843 et
478 784 577 844 cibum
607 787 725 843 recusat
754 787 784 842 et
815 785 942 842 multum
973 785 1064 860 bibet,

72 876 177 947 propter
208 874 288 948 quod
320 874 456 932 ardorem
486 873 595 932 siccum
621 873 770 949 pulmonis
804 873 926 948 patitur.
972 873 1064 932 tensis

72 962 150 1020 oculis
171 963 202 1020 in
227 963 382 1038 obliquum
403 962 525 1038 respicit
547 981 601 1020 nec
623 981 656 1020 se
677 962 764 1022 facile
792 961 919 1038 proiciet
945 961 984 1020 ad
1006 965 1064 1020 ter-

71 1068 131 1107 ram.
173 1071 262 1127 quern
293 1051 452 1127 suspirium
482 1055 603 1126 vocant,
634 1051 685 1126 qui
714 1069 767 1110 nec
796 1050 931 1126 pluribus
962 1051 1064 1110 diebus

43 1149 61 1190 77
70 1137 143 1214 71777,
164 1144 198 1198 ut
221 1140 356 1216 superius
379 1141 525 1198 humidus.
761 1132 763 1135 ¹

125 1232 299 1288 succutanus
334 1232 433 1288 autem
468 1230 553 1306 signa
587 1228 722 1287 ostendet
757 1229 826 1287 alia.
878 1229 1001 1288 vulnera
1031 1229 1063 1286 in
1081 1228 1137 1288 171

71 1334 176 1391 corpore
196 1317 259 1376 eius
279 1318 426 1393 prodeunt
444 1317 542 1376 scabie
561 1317 679 1376 similia.
715 1317 874 1392 exquibus
895 1319 1065 1377 vulneribus

70 1403 161 1464 humor
184 1407 281 1464 effluit
303 1407 434 1481 liquidus
458 1411 488 1466 et
509 1406 622 1481 viridis,
646 1407 698 1482 qui
719 1405 768 1464 hic
791 1407 893 1464 statim
914 1407 947 1464 in
968 1407 1064 1482 capite

71 1495 184 1564 7111777117
210 1499 242 1554 77
270 1497 400 1571 scalpere
433 1500 463 1554 et
495 1495 657 1572 parietibus
686 1513 716 1554 se
744 1495 890 1554 adfiicare
916 1496 1002 1571 facit,
1035 1498 1065 1554 et

42 1596 147 1657 usupra
182 1587 282 1642 cetera
313 1585 437 1643 vulnera
472 1585 558 1644 urido
591 1584 695 1642 stricta
728 1587 758 1642 et
790 1603 894 1659 aspera
927 1585 1065 1644 corticem

70 1670 138 1730 17717.
181 1674 229 1732 cui
252 1674 352 1732 nullus
375 1674 481 1732 humor
502 1693 556 1748 per
578 1673 699 1734 naribus
727 1672 883 1732 ambulans
905 1672 1064 1747 invenitur,

70 1778 113 1817 nec
134 1763 288 1837 anhelans,
311 1781 365 1820 nec
389 1762 486 1822 cibum
508 1765 633 1820 recusat.
679 1762 805 1819 multum
834 1761 914 1835 edet,
937 1762 1064 1820 libenter
1082 1760 1138 1815 171

70 1846 139 1908 71777
160 1855 189 1909 77
211 1851 307 1910 multo
331 1854 463 1926 tempore
485 1851 575 1912 vivet.
615 1850 741 1925 ideoque
765 1850 800 1908 de
823 1851 878 1909 boc
902 1850 1063 1926 aliquando

71 1936 158 2012 aliqua
188 1939 361 1998 liberantur.
416 1941 574 1999 voluerunt
610 1939 732 2014 quidam
768 1939 897 1998 scabiem
928 1939 1063 1999 morbum

43 2031 249 2088 nsuccutanum
276 2028 389 2104 dicere,
422 2030 457 2087 ab
488 2049 522 2088 eo
546 2029 625 2104 quod
652 2028 770 2105 singula
802 2028 888 2106 signa
920 2028 1063 2103 ostendet,

72 2132 135 2187 quae
154 2135 175 2175 s.
196 2136 218 2175 s.
245 2121 322 2176 sunt.
368 2118 487 2193 quidem
510 2121 540 2176 et
568 2118 641 2175 haec
671 2117 782 2176 scabies
810 2117 980 2194 contagium
1011 2119 1064 2191 est,

72 2220 135 2274 quae
148 2209 177 2264 et
188 2205 256 2280 ipsa
270 2206 371 2280 plures
384 2206 558 2281 coinquinat
572 2209 601 2264 77
615 2206 729 2265 tardius
748 2209 878 2280 sanatur,
899 2207 949 2264 sed
962 2225 1064 2268 necem

72 2293 143 2369 gregi
162 2313 222 2353 non
244 2294 344 2354 infert.
380 2294 505 2374 ideoque
529 2295 731 2370 separavimus
755 2294 883 2356 scabiem
906 2296 1063 2354 amaleos.

127 2383 329 2444 articulariunr
359 2384 400 2442 sic
431 2384 632 2461 cognoscimus
662 2403 715 2458 per
744 2383 816 2442 haec
844 2384 938 2461 signa.
984 2381 1140 2442 71777-177

47 2466 242 2530 7511777171710
265 2472 403 2532 similiter
429 2473 553 2548 pedibus
580 2473 702 2531 alternis
728 2469 876 2548 [alterius]
902 2473 994 2532 ternis
1018 2472 1066 2531 vel

74 2561 209 2629 quaternis
231 2561 348 2635 diebus,
376 2561 546 2636 saepissime
570 2564 600 2619 et
626 2561 811 2636 plmissimis.
857 2561 1005 2620 claudicat
1027 2560 1064 2617 ab

73 2647 201 2726 7771777111,
231 2649 367 2708 demutat
394 2650 426 2708 in
444 2649 574 2727 ,singulis
597 2650 734 2726 pedibus,
764 2649 845 2708 cuius
869 2649 980 2709 corium
1003 2667 1062 2707 non

73 2732 160 2812 destit,
189 2742 220 2797 et
242 2743 344 2815 tergus
371 2733 375 2817 1
403 2739 541 2798 similiter
562 2739 668 2796 durum
691 2741 721 2796 et
748 2741 933 2798 contractum
955 2737 1013 2796 erit
1035 2739 1065 2794 et
1089 2736 1191 2794 115‘a

72 2822 122 2894 pilo
143 2827 302 2886 horridiori
324 2830 354 2885 77
380 2831 460 2888 77770
489 2830 520 2886 77
547 2827 584 2886 77
612 2831 734 2902 aspectu
763 2827 858 2886 tristis
888 2827 952 2886 erit.
997 2825 1066 2884 huic

131 2977 319 3032 tcaerocius:
339 2977 483 3032 crocinus?
507 2995 587 3033 croco
606 2977 706 3032 similis
730 2979 791 3048 ch.
809 2979 813 3046 1
829 2977 968 3046 proxima:
998 2992 1065 3031 7077.

73 3043 114 3114 111
131 3057 146 3101 3
168 3049 229 3120 Veg.
249 3051 271 3102 Ι
286 3051 356 3118 4115
375 3048 449 3119 111711
471 3055 504 3102 10
522 3049 613 3104 bibet:
638 3049 833 3117 insanabilem,
852 3047 907 3102 nisi
927 3047 963 3102 ab
984 3046 1066 3102 initio

72 3114 161 3172 festina
183 3119 329 3174 curatione
356 3121 518 3200 subveneris
544 3120 605 3191 ch.
627 3123 636 3188 11
658 3126 690 3174 11
715 3120 776 3190 1779.
795 3121 849 3174 15
871 3119 938 3244 113
957 3117 1040 3172 huic?
1057 3118 1067 3192 11

74 3191 99 3240 11
112 3191 244 3246 astundit:
261 3191 382 3244 abundrt
391 3192 419 3245 B
433 3194 442 3262 11
457 3197 490 3246 15
500 3191 595 3246 ulcera
610 3191 742 3246 corticem
756 3190 859 3244 ducent
897 3207 934 3260 79.
949 3191 959 3260 11
974 3194 1006 3242 17
1016 3206 1067 3244 nec

72 3261 163 3327 respuit
187 3264 286 3331 potum
313 3262 374 3332 ch.
398 3264 407 3330 11
432 3268 464 3316 19
491 3263 547 3335 qd':
574 3262 704 3330 quidem?
727 3264 736 3331 11
759 3266 793 3313 20
812 3261 894 3316 adeo:
922 3277 990 3316 7077.
1012 3261 1040 3314 Β
1058 3262 1068 3333 11

73 3331 208 3408 1117791
219 3338 237 3391 6
242 3357 248 3400 ς
270 3334 488 3404 777177344127
507 3332 648 3388 interdurn
665 3330 762 3402 paucis
781 3331 922 3385 interdurn
939 3331 1066 3402 plurimis

73 3397 157 3456 diebus
178 3404 240 3474 Veg.
268 3406 278 3474 11
307 3410 340 3457 27
360 3404 601 3477 (177777711128
626 3403 713 3458 destit
731 3429 764 3452 =
786 3402 872 3457 distet
888 3404 929 3460 B:
958 3403 1066 3457 ossibus

74 3471 223 3543 astringitur
246 3475 319 3528 cutis
345 3478 374 3529 et
400 3476 437 3530 ad
462 3477 570 3530 tactum
592 3473 728 3530 tractanti
752 3475 822 3532 dura
844 3475 951 3534 resistit
977 3475 1040 3545 ch.
1058 3473 1068 3546 11

75 3542 102 3590 11
117 3543 184 3611 pilus
203 3547 311 3600 erectus
335 3547 396 3617 1779.
