2474 3910
199 144 265 208 232
386 143 1014 201 1111011111011111111101111141-111

412 295 453 353 33
477 295 502 353 si
525 295 654 355 volneris
676 298 890 373 praegnantem
912 295 977 356 fieri

412 384 454 442 34
478 382 503 442 11
526 384 618 443 eicere
641 385 770 444 volueris

294 475 297 482 '
411 471 452 530 35
477 472 502 531 si
525 473 679 548 stropham
701 474 832 532 tonuerit

411 561 452 620 36
476 561 513 619 de
535 561 670 620 secundis

411 651 452 708 37
477 650 513 709 de
535 650 713 728 purgatione

412 738 453 796 38
477 739 512 797 de
535 739 626 799 vulva

411 827 451 886 39
476 827 512 885 de
534 827 713 906 purgatione

410 916 453 975 40
475 919 511 974 ut
533 935 631 992 supra.

125 1091 180 1146 741
264 1091 417 1151 ILabore
440 1094 471 1150 et
500 1092 657 1171 diligentia
685 1096 749 1152 tam
779 1111 923 1170 equarum
946 1113 1038 1170 qnam
1060 1112 1182 1170 equorun

199 1184 229 1241 et
242 1180 374 1241 omnium
391 1181 589 1241 iumentorum
607 1182 743 1241 nationes
762 1186 792 1242 et
810 1201 902 1261 genus
920 1183 1016 1261 magis
1045 1182 1207 1259 qundn'gs-1s

197 1270 310 1329 riorum
333 1269 484 1329 ostendere
512 1270 602 1329 volui.
647 1273 771 1346 propter
797 1271 877 1347 quod
903 1272 1006 1332 multis
1035 1271 1182 1332 auctoribus

197 1358 339 1434 inspeetis
371 1361 402 1417 et
429 1377 505 1433 quae
532 1360 571 1418 ad
603 1378 747 1434 equorum
778 1378 872 1439 genus
903 1360 1050 1436 pertinuit
1085 1359 1182 1420 seeretis
1218 1379 1219 1440 1

64 1446 171 1531 14on
199 1447 384 1524 singulorum
416 1465 517 1507 sensus
549 1451 579 1506 et
608 1439 612 1529 Ι
641 1450 739 1508 motus
766 1449 882 1508 animae
913 1450 945 1507 in
972 1470 1066 1508 unum
1092 1447 1183 1509 contuli
1218 1443 1219 1470 1

199 1538 287 1594 etex
308 1535 355 1594 his
378 1536 508 1612 epitoma
529 1537 586 1595 feei
617 1540 647 1595 et
672 1536 785 1611 omnia,
818 1557 893 1613 quae
923 1538 1058 1615 disperso
1085 1539 1183 1596 fuerant

197 1624 303 1700 ineis,
331 1624 463 1684 naturali
491 1625 611 1702 ingenio
640 1626 757 1701 plenius
786 1645 840 1701 per
862 1627 939 1686 huno
968 1627 1079 1686 librum
1106 1624 1206 1695 11111111

197 1733 234 1772 ne
258 1731 317 1788 quo
339 1732 437 1772 erroro
459 1717 563 1789 pastor
585 1715 701 1792 generis
724 1714 825 1790 equini
852 1715 947 1791 deoipi
977 1719 1081 1792 possit
1122 1730 1182 1772 nune

198 1819 307 1880 genera
329 1805 432 1878 partus
456 1805 487 1860 et
508 1803 587 1862 viees
609 1802 754 1862 meusium
777 1804 808 1862 et
830 1823 931 1880 genus,
954 1824 990 1863 ne
1013 1805 1101 1864 faoile
1116 1803 1183 1878 inpo-

196 1909 249 1950 nes
272 1892 326 1949 aut
351 1911 388 1950 ne
414 1890 522 1950 trioaro
548 1891 636 1966 velia,
658 1891 805 1951 rationem
832 1892 927 1952 dicere
956 1896 1084 1970 oportet.
1125 1889 1183 1951 nihil

198 1979 276 2037 enim
298 1998 425 2039 vacuum
448 1997 510 2038 esso
529 2025 535 2037 .
556 2029 562 2042 .
582 2025 588 2038 .
608 1980 692 2040 scias.

123 2064 177 2122 744
262 2067 294 2125 Π
319 2067 443 2126 Initium
469 2070 574 2144 partus
600 2069 729 2145 primum
751 2070 997 2146 concipientibuS‚
1025 2072 1057 2129 et
1083 2069 1205 2146 qualemn

196 2158 325 2214 aetatem
347 2159 383 2215 ut
404 2157 548 2232 applioeS‚
571 2161 704 2217 ventrem
725 2160 761 2216 ut
783 2158 873 2234 ferat,
897 2161 927 2218 et
954 2159 1042 2234 quate
1070 2178 1135 2218 sexu
1157 2157 1181 2212 ut

196 2244 344 2321 imponas,
368 2247 399 2304 et
422 2264 479 2320 quo
502 2249 642 2321 tempore.
687 2246 800 2305 bimam
823 2249 875 2306 aut
897 2248 1019 2307 trimum
1042 2249 1074 2306 in
1096 2262 1181 2323 equam

197 2333 325 2408 impone,
349 2352 423 2408 equo
443 2336 544 2392 autem
561 2335 651 2395 trimo
669 2335 717 2394 vel
735 2336 831 2413 magis
855 2336 1018 2412 quadrimo.
1046 2337 1093 2396 hio
1109 2349 1181 2410 equus

196 2421 344 2497 usquein
367 2440 460 2481 annos
477 2422 533 2481 XV
550 2423 674 2482 idoneus
697 2424 728 2483 in
752 2425 946 2484 admissuram
969 2426 1036 2500 erit,
1054 2427 1145 2502 potest
1160 2421 1181 2477 et
1219 2409 1220 2480 1

195 2529 289 2587 usqne
307 2510 339 2568 in
357 2511 419 2569 XX.
452 2512 503 2569 sed
521 2514 590 2587 post
607 2530 700 2571 annos
714 2513 769 2572 XV
782 2531 843 2572 non
860 2516 924 2572 tam
941 2515 1055 2590 optimo
1072 2510 1207 2590 generata

196 2600 247 2658 sed
266 2601 335 2659 ante
353 2617 492 2674 mensem,
510 2603 545 2658 ut
563 2601 720 2677 concipiat,
739 2620 774 2660 ea
793 2621 869 2678 aqna
888 2602 1054 2680 saginanda
1072 2603 1125 2660 erit
1141 2615 1180 2674 per

194 2687 257 2747 dies
279 2689 369 2748 XXX.
415 2688 583 2747 oaltaoienti
606 2693 706 2748 tamen
728 2709 881 2766 nunquam
904 2691 1087 2767 imposueris.

122 2774 176 2831 745
261 2777 308 2835 ΠΙ
330 2777 465 2836 Dentitio
487 2777 584 2853 prima
607 2781 705 2837 totum
728 2797 834 2854 eorpus
857 2783 1023 2840 commovet
1044 2781 1177 2850 fervorque

96 2866 100 2877 “
194 2865 226 2923 in
254 2869 336 2924 artus
364 2867 461 2925 oelore
488 2865 585 2925 subito
614 2867 766 2944 sanguinis
794 2871 958 2930 commotus
985 2871 1051 2928 toto
1078 2879 1177 2940 corpore

196 2955 306 3013 excitat
329 2972 420 3013 venas
443 2957 473 3013 et
494 2957 640 3015 tumesoet
661 2957 778 3015 matrix.
824 2960 895 3016 tuno
917 2957 1008 3016 vulva
1035 2957 1106 3015 nihil
1125 2964 1206 3011 oon-³⁰

195 3043 280 3118 tinet,
304 3043 445 3118 quoniam
464 3043 630 3103 inferiore
649 3047 706 3121 est,
730 3045 805 3103 nihil
825 3046 931 3122 sapiat,
953 3045 1077 3122 proiciat
1093 3038 1175 3116 nugis·

196 3130 284 3190 11111111
314 3131 512 3207 quinquennis
542 3151 609 3190 eum
638 3133 719 3192 faeta
748 3135 848 3209 fuerit,
877 3134 947 3194 lieet
973 3153 1048 3210 equo
1072 3134 1174 3208 inpones

266 3358 300 3406 14
318 3352 455 3420 epithima
471 3354 475 3424 1
492 3353 617 3422 disperso
631 3357 641 3424 ΙΙ
656 3360 688 3408 15
707 3370 740 3409 eo
754 3357 763 3425 ΙΙ
783 3361 815 3410 16
834 3355 944 3425 possint
956 3358 966 3426 ΙΙ
986 3362 1019 3411 18
1038 3343 1176 3430 1111111111

195 3426 228 3473 11
247 3423 281 3487 of.
302 3422 402 3476 01111111.
422 3423 467 3476 VI
480 3427 518 3478 28
534 3427 538 3492 Ι
554 3424 699 3479 trimatum
715 3429 719 3495 Ι
736 3443 808 3494 equa
830 3428 839 3496 ΙΙ
862 3433 895 3481 13
915 3427 998 3498 1111111
1020 3432 1052 3482 19
1071 3423 1176 3484 colons,

195 3495 229 3542 31
248 3490 377 3544 similiter
395 3492 561 3559 quiquennis
616 3547 617 3552 ,
