2474 3910
232 157 514 214 MULOMEDIOINA
532 157 702 214 OHIltONIS
722 165 862 214 808—811
984 159 1049 223 249

52 309 141 384 pondo
159 305 190 385 3,
213 311 311 386 sepiae
330 311 464 368 marinae
483 328 550 370 ossa
567 309 666 386 pondo
686 309 773 369 semis
792 312 823 367 et
840 310 937 369 mellis
959 310 1055 369 Attici

53 397 136 458 uictos
150 397 204 458 ΠΙ.
246 401 388 475 conteres,
403 400 495 458 donec
509 399 573 457 lece
587 399 649 457 fiat.
681 419 717 457 ex
731 398 825 457 cobis
839 400 886 457 die
899 399 1054 477 inungues.

112 487 137 546 si
160 506 236 563 equo
259 489 291 547 in
314 488 399 548 oculo
422 487 508 546 albor
529 489 618 547 natus
641 487 732 546 fuerit
758 490 902 562 tanquam
930 489 1052 566 grando,
1073 487 1131 544 808

53 579 78 633 et
93 576 147 635 hoc
166 576 254 635 facilc
272 572 295 655 †
313 577 393 636 inter
409 579 513 652 pectus
531 576 603 636 fecii
620 576 749 651 morbus,
764 577 806 636 sic
825 575 950 636 curabis.
983 577 1054 636 salis

33 665 223 724 cammoniaci
250 670 280 724 et
309 667 380 725 nitri
412 666 489 725 cocti
523 666 605 725 floris
641 666 774 740 utrisque
810 683 922 740 aequas
953 668 1054 740 partes

53 754 188 812 conterite
221 757 251 813 et
281 755 326 813 ita
356 755 494 833 inungito
527 755 656 814 cottidie.
707 756 761 813 cut
792 771 895 829 cepam
927 755 1054 814 conteris

52 845 140 901 totum
168 843 257 901 melle
287 846 318 903 et
346 845 493 921 inungite.
543 846 596 902 aut
625 843 707 902 iasar
736 842 928 919 Cyrenaicum
958 843 1054 903 mellis

53 933 232 992 commisceto
269 935 299 991 et
329 932 476 1010 inungito.
527 935 579 990 aut
611 932 811 991 columbinum
838 935 949 991 stercus
979 950 1056 990 oom-

53 1019 162 1080 bustum
184 1015 188 1098 Ι
209 1024 240 1079 et
261 1021 385 1080 nitrium
408 1020 592 1080 combustum
614 1021 767 1098 inungcto.
807 1041 899 1078 unum
923 1020 1002 1096 quod
1026 1019 1196 1079 8⁰9149Vb

21 1128 43 1166 1o
54 1108 84 1166 de
104 1109 150 1169 his
169 1109 422 1170 combustionibus
442 1109 607 1185 quadriduo
625 1110 777 1187 inungeto,
797 1113 827 1168 et
845 1111 888 1169 sic
905 1109 1056 1168 inueneris

54 1199 220 1256 extraneam
233 1199 409 1276 grandinem
423 1202 454 1259 et
467 1199 659 1273 claucomam,
675 1216 750 1273 quac
764 1200 796 1256 in
810 1199 895 1257 oculo
910 1201 963 1273 est,
982 1201 1013 1257 et
1031 1199 1057 1257 si

53 1286 101 1344 tibi
114 1286 265 1346 videbitur
279 1308 346 1346 eum
359 1288 458 1347 locum
473 1288 600 1363 amplius
613 1306 752 1364 purgare,
768 1289 828 1346 alio
841 1287 1056 1346 medicamento

54 1375 197 1453 inungeto,
213 1377 264 1436 sed
278 1377 366 1436 huius
380 1378 495 1454 generis
511 1377 590 1453 quod
604 1377 767 1435 conveniet.
804 1377 846 1435 sic
860 1375 990 1452 explebis
1005 1379 1058 1435 aut

54 1483 82 1522 eo
94 1465 309 1524 medicamento
324 1467 411 1541 adipe
429 1464 567 1525 bublinos
582 1469 634 1524 aut
647 1465 823 1542 gallinacios
842 1468 872 1523 et
889 1466 952 1524 vlni
965 1466 1068 1540 pusil-¹

21 1571 43 1610 15
55 1553 110 1612 lum
132 1554 306 1613 admixtum.
346 1555 402 1614 hoc
424 1555 671 1613 medicamentum
696 1553 831 1614 omnibus
853 1554 959 1612 utilem
982 1558 1034 1614 est.

114 1643 152 1700 ad
171 1643 363 1719 claucomam,
387 1645 513 1720 quaein
537 1643 629 1702 oculis
648 1644 713 1700 erit
751 1643 854 1702 statim
872 1661 939 1702 cum
956 1662 1057 1702 recens
1076 1633 1134 1689 81⁰

54 1731 151 1807 fuerit,
183 1731 347 1808 curabitur,
378 1733 430 1793 sed
452 1732 478 1792 si
504 1733 682 1807 veteruerit,
711 1731 806 1790 nolito
840 1750 958 1806 curare,
987 1750 1056 1789 nam

54 1820 132 1878 valde
163 1821 293 1881 molesta
334 1840 380 1881 res
411 1823 464 1880 est.
518 1823 666 1880 recentem
703 1819 819 1880 curabIs
857 1821 907 1880 sic,
949 1820 1057 1879 leolam

54 1909 142 1982 primo
166 1929 233 1968 cnm
261 1910 325 1968 oleo
349 1911 456 1985 veteri,
485 1911 557 1986 mel,
586 1910 659 1968 nitri
685 1909 739 1969 flos
766 1910 798 1967 in
824 1927 884 1968 uno
912 1909 1055 1968 conterito

19 2001 81 2055 roet
108 1998 225 2056 aridum
253 1999 366 2058 inflato.
418 2001 472 2058 eut
500 2000 596 2058 thuris
626 2000 680 2056 aut
714 1998 785 2058 salis
819 1999 997 2056 ammoniaci
1025 1997 1057 2056 in

55 2085 171 2145 linteolo
200 2087 303 2147 addito
325 2089 357 2146 in
385 2087 569 2163 carbonibus,
591 2088 708 2146 minuta
731 2087 876 2146 conterite
900 2090 931 2146 et
952 2087 1056 2147 inflato

54 2175 81 2232 in
107 2177 233 2235 oculum.
285 2177 353 2235 inde
388 2178 505 2252 saepius
541 2176 719 2236 ocularium:
755 2195 872 2235 murrae
904 2177 1003 2252 pondo
1032 2176 1056 2251 I,

55 2265 123 2324 croci
145 2264 246 2341 pondo
275 2267 317 2344 ἦ,
340 2266 412 2325 salis
436 2265 529 2341 Spani
550 2265 649 2340 pondo
673 2265 735 2329 31.

113 2355 150 2412 ad
164 2354 348 2414 claucomum
366 2354 522 2413 collirium.
560 2353 777 2413 ammoniacum
794 2373 913 2430 purum,
932 2353 1055 2412 eundem
1075 2342 1130 2398 8¹1

17 2455 43 2496 rc
56 2439 82 2496 in
97 2442 239 2501 mortario
264 2446 405 2518 conteres,
423 2445 513 2501 tertio
532 2441 579 2502 die
599 2445 778 2518 autquarta
800 2443 902 2501 addito
926 2460 1013 2518 aqua,
1032 2442 1057 2501 si

56 2533 129 2602 potes
143 2531 180 2589 de
200 2531 321 2590 flumine
343 2529 409 2610 [et],
431 2533 477 2590 sin
495 2535 604 2608 autem,
628 2531 662 2588 de
681 2531 773 2606 fonte,
792 2534 823 2590 et
842 2533 905 2590 tere
924 2530 1056 2605 cottidie,

55 2615 92 2677 bis
116 2620 148 2678 in
176 2620 232 2678 die.
276 2619 382 2679 deinde
413 2624 518 2680 octavo
548 2621 595 2679 die
626 2619 716 2679 addes
745 2619 843 2678 melIIs
870 2637 900 2698 p.
927 2637 954 2694 ς.
1000 2619 1056 2677 hoo

55 2705 103 2765 ubi
122 2709 300 2784 praestatim
323 2728 423 2770 omnes
446 2728 493 2769 res
516 2709 649 2768 oculares
672 2711 767 2768 sanat.
1077 2777 1081 2788 ¹

113 2797 260 2856 collirium
282 2799 407 2857 oculare.
445 2798 567 2857 feniculi
590 2797 729 2856 coliculos
753 2799 885 2855 conteres
904 2797 935 2853 et
953 2813 1055 2855 sucum

16 2899 42 2938 eo
56 2901 205 2962 expremes,
225 2887 285 2945 mel
303 2887 402 2961 addes,
421 2905 487 2945 cum
506 2885 694 2961 deferbuerit,
714 2885 817 2944 diebus
835 2903 957 2943 numero
972 2883 1055 2942 VIII.

55 2970 150 3033 deinde
173 2994 271 3036 sumes
293 2977 445 3052 speculum
475 2977 505 3034 et
527 2975 693 3051 permisces.
736 2974 807 3050 quia
834 2991 935 3032 acrum
959 2976 1057 3032 estet

56 3062 118 3133 quia
139 3062 287 3139 titillabit,
310 3083 377 3124 cum
400 3083 434 3124 eo
458 3064 659 3124 commiscebIs
683 3063 756 3121 bene
781 3062 907 3138 spissum
930 3065 960 3120 et
984 3064 1056 3120 tunc

55 3147 84 3205 in
102 3153 198 3226 pixide
222 3152 330 3212 adIcies
355 3156 443 3212 etex
466 3173 499 3212 eo
523 3154 657 3230 inunges.

118 3273 132 3320 2
146 3267 208 3323 lenc
222 3270 232 3338 ΙΙ
245 3274 262 3322 4
280 3267 482 3323 internecium?
500 3267 705 3323 internecivas?
724 3265 891 3320 intrinsecus
912 3267 980 3336 (coll.
992 3267 1009 3320 l.
1020 3270 1053 3319 11

54 3339 215 3409 extraneum)
230 3340 258 3394 B
279 3339 290 3413 ΙΙ
312 3344 327 3393 5
347 3340 520 3412 ermoniccil
541 3339 667 3406 utrisque
680 3364 713 3384 =
726 3337 872 3406 utriusque
888 3339 897 3408 ll
916 3343 931 3390 8
951 3336 1054 3391 colum-

53 3403 108 3460 bini
120 3411 127 3478 l
136 3411 299 3480 tintingeto
312 3411 322 3484 ll
334 3415 366 3464 10
376 3410 511 3468 inuxeris:
521 3409 654 3465 inusseris
665 3409 748 3482 Bylll
761 3411 936 3472 extamecml
949 3414 981 3463 13
992 3410 1054 3462 eut:

53 3479 124 3532 utu
144 3483 153 3551 ll
176 3487 209 3536 15
236 3481 392 3536 admisceas
411 3483 438 3536 B
457 3485 467 3552 ΙΙ
488 3488 521 3536 18
543 3480 674 3536 molestia
687 3485 696 3550 ss
714 3486 748 3534 25
768 3483 819 3534 ant
834 3481 944 3548 addidi3
964 3495 1055 3549 aequa

54 3554 127 3614 parte
144 3553 171 3608 B
192 3556 203 3623 ΙΙ
225 3558 258 3606 31
280 3553 329 3621 qui
350 3556 360 3623 ll
383 3559 416 3606 32
434 3553 567 3607 titillavit
583 3554 586 3624 l
603 3553 701 3622 spissis
