2474 3910
178 132 240 196 188
370 132 653 188 MULOMEDIGINA
671 132 840 189 OHIRONIS
859 137 1000 188 sss-sss

41 283 153 342 138¹b
182 283 266 361 gabis
290 300 381 358 supra
403 303 482 360 genu
505 286 536 342 et
557 283 654 342 iesum
677 287 708 344 et
731 277 736 364 Ι
762 283 843 342 iufra
865 283 1001 343 articulis
1024 285 1187 360 aequaliter

101 369 161 427 584
180 372 277 447 duces,
292 372 384 431 donec
398 372 556 447 strepitum
569 373 674 432 audies
685 373 835 432 vertibuli.
864 375 894 431 et
908 374 933 432 si
947 373 1004 433 hoc
1017 373 1188 446 continebis,
1223 435 1224 456 Ι

177 461 304 536 denique
332 460 426 539 virgis
455 460 606 520 teneribus
639 461 743 521 caedes
774 480 897 520 armum.
951 461 1057 521 deinde
1088 463 1188 521 leviter
1223 463 1224 538 ξ

176 549 297 608 fricabis
321 568 450 623 armum,
480 549 586 608 deinde
617 551 739 626 stiptica
767 551 870 610 caedes
893 570 971 610 vena
998 550 1129 610 liciaria.
1169 555 1187 609 o

177 638 267 697 simul
290 638 364 697 bene
387 639 536 698 musculos
560 639 749 714 excitaveris,
776 640 886 699 iterum
908 639 1041 699 fricabis.
1088 640 1211 698 deindet

178 729 308 802 quatuor
338 726 441 805 digitis
472 729 508 786 ab
538 731 660 787 summis
690 729 797 787 umeris
825 728 939 807 sagitta
968 729 1188 805 praerumpebis

179 819 278 875 cutem
301 819 331 875 et
361 816 483 891 specillo
512 815 604 894 longo
633 816 765 893 laxabis,
796 835 855 893 qua
885 817 1028 894 spiritum
1059 818 1187 893 recipiat.

178 904 311 963 fistulam
337 903 443 964 eoicies
470 904 503 962 in
530 905 684 965 foramine.
736 906 855 982 offabis,
886 926 922 964 ne
954 907 1059 966 iaiuno
1092 907 1187 965 facias.
1224 983 1225 986 Ι

177 993 287 1069 videto,
307 1011 366 1069 qua
383 993 536 1052 inflareris
555 1012 671 1053 armum
687 997 788 1071 vento,
811 995 951 1055 obturato
969 996 1094 1073 plagam
1113 1000 1187 1072 stup·
1224 1043 1225 1048 1

178 1101 249 1157 pam
279 1085 332 1141 aut
361 1082 498 1158 linteolo,
535 1082 640 1142 deinde
669 1102 761 1142 manu
792 1102 936 1160 suspensa
970 1103 1089 1143 armum
1118 1095 1211 1144 com-1⁰

178 1171 305 1248 pungite
338 1173 369 1229 et
401 1171 564 1232 confricato
596 1173 658 1230 sale
691 1174 722 1231 et
753 1172 827 1232 oleo.
873 1175 977 1233 eontra
1006 1173 1187 1233 vertebulun

179 1260 255 1318 armi
269 1261 317 1318 4⁰¹
330 1260 480 1319 foramina
493 1261 613 1320 semisse
629 1279 746 1337 quoque
762 1280 864 1322 versus
877 1263 952 1321 baut
964 1262 1055 1340 longe
1072 1263 1186 1340 regione

105 1347 164 1403 585
182 1349 281 1407 media
304 1348 450 1408 vertebuli
468 1349 582 1409 coicies.
615 1350 711 1409 eidem
729 1351 864 1410 surculos
881 1350 1008 1429 pingues
1032 1351 1186 1410 decusatim

180 1437 267 1512 qnasi
289 1437 371 1496 fusos
393 1438 585 1497 vehementer
607 1439 793 1517 constringes
820 1442 850 1498 et
878 1439 951 1499 lana
978 1458 1029 1500 eos
1053 1440 1185 1499 obvolves

179 1527 210 1584 et
232 1526 297 1584 oleo
321 1528 352 1585 et
372 1526 441 1586 vino
464 1527 651 1586 madefacias.
694 1531 725 1587 et
747 1528 779 1587 in
802 1529 971 1587 machinam
991 1529 1100 1587 coicito
1119 1537 1210 1600 eumd

178 1635 215 1672 ne
239 1614 410 1673 accumbere
433 1616 529 1690 possit
551 1635 606 1692 per
628 1617 690 1675 dies
717 1635 839 1676 numero
862 1616 927 1676 XV.
973 1617 1129 1676 suffimdes
1149 1618 1185 1674 vi·

177 1723 249 1762 num
280 1704 311 1762 et
340 1703 454 1779 oleum,
484 1703 555 1764 eicis
584 1705 690 1764 deinde
722 1706 855 1765 surculos
885 1706 933 1764 die
964 1706 1102 1782 septimo,
1131 1706 1184 1763 lino

177 1792 246 1852 laxo
274 1794 376 1868 lassas,
408 1795 443 1852 ut
469 1793 558 1852 facile
581 1794 707 1872 alligare
734 1794 832 1870 possis
859 1794 963 1853 linum.
1008 1796 1082 1854 haut
1110 1811 1183 1853 secus

178 1881 225 1940 die
248 1881 307 1940 XII
328 1881 422 1941 uteris
445 1883 531 1959 aquis
555 1883 675 1958 calidiS,
698 1883 881 1943 verbenaciis
904 1883 1078 1959 compositis
1099 1887 1182 1942 utere.

178 1970 283 2028 deinde
320 1974 432 2030 cretam
464 1969 627 2030 Cimoleam
655 1974 686 2030 et
716 1975 827 2031 terram
857 1974 1055 2032 commustam
1090 1971 1210 2046 aequus

177 2058 314 2133 partibus
347 2078 383 2118 ox
415 2062 498 2119 aceto
533 2060 713 2136 temperabis
744 2064 775 2120 et
806 2061 921 2137 aliquid
955 2060 1031 2136 picis
1061 2060 1181 2136 liquidae
1225 2129 1226 2148 Ι

179 2147 354 2206 admiscebis
378 2149 409 2208 et
430 2151 477 2207 ter
498 2149 531 2206 in
553 2150 601 2208 die
624 2150 728 2225 uteris,
750 2151 842 2209 semel
864 2150 996 2209 mutabis
1020 2149 1116 2208 medio
1133 2147 1182 2206 die.
1225 2157 1226 2178 ¹

102 2235 160 2291 585
179 2238 312 2294 cerotum
341 2254 432 2312 supra
461 2237 565 2296 eadem
596 2239 731 2314 impones
752 2259 815 2314 per
843 2238 906 2298 dies
937 2237 973 2296 V.
1024 2237 1181 2314 componito

178 2324 389 2384 anacollimam
419 2325 469 2385 sic.
519 2327 579 2385 mel
609 2328 740 2386 sextaria
773 2328 833 2387 tria
868 2327 990 2386 fricabis
1020 2320 1180 2386 minutatim

179 2417 210 2471 et
241 2432 363 2472 ovorum
393 2414 449 2472 XX
480 2417 548 2474 olba
583 2434 650 2474 cum
684 2435 765 2492 aqua
798 2415 971 2476 minutatim
1003 2417 1124 2490 adicies,
1153 2417 1226 2494 ete}

178 2502 274 2561 thuris
309 2502 422 2578 polline
463 2503 496 2561 in
532 2504 631 2579 pondo
672 2505 750 2563 libra
789 2507 820 2564 et
859 2504 997 2564 rubricae
1033 2502 1177 2582 Aegiptiae
1225 2503 1226 2590 Ι

177 2591 293 2667 pondus
319 2591 421 2666 semis,
451 2594 481 2650 et
507 2593 563 2652 hoc
589 2594 762 2652 minutatim
790 2593 966 2652 admiscebis
998 2597 1027 2652 et
1056 2591 1177 2653 omuibus

177 2681 209 2737 in
236 2700 328 2740 unum
356 2680 523 2740 commixtis
555 2701 591 2739 ex
615 2682 662 2741 his
695 2701 801 2758 eorpus
833 2682 949 2758 deinde,
980 2701 1094 2741 armum
1121 2697 1175 2738 eam

178 2768 356 2828 anacollima
381 2769 497 2828 fricato.
538 2770 595 2829 hoc
617 2774 648 2830 et
670 2774 718 2830 ter
734 2771 768 2829 io
790 2770 837 2830 die
861 2774 892 2830 et
914 2771 1007 2830 facito
1033 2792 1070 2830 ne
1091 2769 1174 2828 minus

250 2927 263 2974 1
283 2937 418 2975 10sum=
429 2921 559 2976 deorsum
577 2923 587 2991 Ι
609 2927 625 2974 2
644 2923 679 2989 ef.
699 2923 760 2992 Veg.
772 2923 879 2990 V17,6
895 2923 899 2994 Ι
916 2921 1072 2994 strepidnm
1088 2925 1097 2992 Ι
1117 2917 1172 2982 los.

177 2991 212 3044 H
218 2996 266 3058 86,
275 2991 483 3116 4ιιΙΗίενοπμηιί
496 2993 624 3064 Libyct);
642 2993 705 3064 ch.
718 2993 775 3047 ΠΙ
789 2997 834 3061 45,
848 2997 866 3047 4
881 2995 886 3063 1
902 3009 1004 3049 venam
1024 2992 1172 3048 stamineam

178 3069 228 3116 aut
245 3062 288 3116 fer
319 3078 416 3118 coeam
435 3063 512 3118 Ptin.
532 3064 611 3118 XVI
625 3067 683 3119 226
700 3065 805 3131 confert
818 3066 845 3119 Β
861 3065 865 3136 Ι
881 3066 913 3118 ut
931 3067 940 3134 Ι
959 3069 975 3118 5
995 3061 1152 3120 excitaberis
1165 3057 1172 3127 Ι

178 3139 193 3186 6
210 3133 247 3188 ad
262 3150 353 3189 sumes
367 3132 450 3189 iuris:
466 3134 523 3189 ἀπὸ
538 3135 683 3190 δακτύλων
696 3135 835 3203 τεσσάρων
848 3143 898 3206 τῆς
911 3133 1077 3205 cubemus!
1096 3139 1110 3188 '1
1123 3145 1172 3200 spe·

179 3203 244 3258 eilio
267 3207 276 3276 Ι
304 3210 320 3259 8
338 3206 370 3258 ta
388 3204 468 3260 iuno:
492 3223 560 3260 corr.
576 3207 604 3260 Β
622 3208 667 3276 Ι--
681 3205 799 3276 ieiuno)4
813 3209 822 3277 Ι
857 3212 872 3260 9
892 3205 1035 3261 inflaberis
1058 3209 1068 3276 Ι
1090 3210 1120 3259 12
1137 3204 1171 3254 ut:

177 3292 245 3330 corr.
265 3277 293 3330 Β
307 3278 316 3342 Ι
331 3281 363 3329 13
383 3275 531 3330 bertebuln
547 3276 552 3348 Ι
569 3277 679 3332 surculo
696 3278 700 3347 Ι
719 3276 820 3348 pignos
837 3279 841 3347 Ι
857 3276 985 3332 decusati
998 3280 1008 3348 Ι
1023 3284 1057 3332 14
1072 3277 1155 3331 lanam
1165 3322 1172 3338 ,,

178 3351 210 3398 17
231 3344 299 3400 eicis
317 3349 327 3414 Ι
346 3350 379 3399 18
395 3362 486 3400 assas:
506 3365 572 3401 usus
586 3349 614 3402 Β
631 3349 635 3419 Ι
650 3348 742 3417 possit
756 3349 761 3415 Ι
778 3350 828 3402 aut
841 3349 851 3418 Ι
871 3353 905 3402 25
920 3348 1038 3403 odorum
1052 3347 1099 3402 XX
1111 3344 1172 3398 libra

178 3430 260 3468 cuma
278 3431 372 3482 quem:
398 3432 466 3470 corr.
486 3419 522 3485 Β,
540 3419 575 3485 cf.
595 3419 689 3489 Pelag.
709 3422 765 3473 332
785 3421 789 3487 Ι
809 3424 844 3472 26
862 3418 1031 3475 lumbrieae:
1049 3435 1110 3474 corr.
1127 3409 1172 3480 Bl

179 3489 212 3535 27
231 3487 265 3536 ut
281 3486 291 3551 Ι
311 3489 345 3536 29
364 3485 476 3539 anacoli
496 3489 501 3556 Ι
522 3487 649 3542 affricato
671 3495 674 3556 Ι
697 3489 782 3543 tertio
