2474 3910
206 163 486 220 MULOMEDIGINA
505 162 673 219 66160666
693 169 831 220 666-666
954 165 1019 230 209

26 332 70 388 per
90 311 155 372 dies
177 313 205 370 V
228 333 264 373 ex
286 315 409 374 eandem
433 332 534 373 curam
552 333 574 373 s.
593 332 614 372 s.
639 314 779 390 proficere
801 334 860 373 non
878 316 1019 391 potuerit,

26 403 148 460 siceum
172 402 294 466 curabis.
341 403 491 478 componis
513 403 641 481 ungulas
663 421 756 478 usque
784 403 957 483 advirum,
985 409 1020 465 ut

25 491 120 564 pollice
142 491 280 566 depresso
305 491 448 551 callicicm
469 491 589 551 mollem
611 491 771 568 intelligas
809 495 909 551 contra
927 512 1019 553 venas

25 579 169 638 interiores
192 580 331 656 scalpello
354 581 483 640 16661616
504 581 592 639 161166
612 575 783 655 quaternari
805 580 1018 658 magnitudine,

6 667 47 724 sid
67 670 111 726 est
135 668 312 744 semissabis‚
334 669 383 728 vel
405 669 441 728 de
464 668 562 728 media
588 668 701 746 ungula
730 687 748 726 a
772 669 868 744 capite
891 670 1018 747 religata

24 757 187 816 suffriaabis.
221 757 377 834 corrigiam
399 757 531 816 6611166
554 775 650 816 crasso
674 757 895 835 constringebis‚
918 761 952 817 ut
969 779 1018 817 66·

24 863 66 903 666
92 865 198 904 omnes
225 846 360 905 recludas
387 849 510 922 propter
531 846 735 924 piscationem,
763 850 798 905 61
824 845 918 922 666611
945 846 1018 905 1666

24 934 171 993 semissari.
218 953 284 993 cum
311 936 413 994 contra
435 954 541 993 venam
571 935 770 993 semissaveris
799 954 916 1010 quoquo
945 935 1019 1011 1666,
1037 934 1101 993 666Ι

23 1023 91 1081 solve
122 1023 326 1100 adligaturam
355 1025 386 1082 61
415 1023 514 1082 desine
544 1023 696 1101 sanguinis
726 1023 926 1082 decursionem
954 1024 1019 1082 fieri

7 1112 167 1185 ooopiosum
199 1107 203 1190 1
232 1113 263 1170 61
290 1110 419 1172 6661166
446 1113 507 1170 6616
535 1132 601 1171 eum
628 1112 724 1171 locum
752 1111 838 1188 1666,
867 1115 903 1171 61
923 1113 1141 1172 6661661421

22 1198 144 1260 decursio
186 1201 339 1278 sanguinis
376 1201 437 1260 fiat.
490 1220 557 1259 oum
592 1201 665 1259 satis
702 1200 866 1260 ambulasse
902 1201 1018 1278 6166616,

22 1292 92 1347 66616
121 1293 154 1348 61
187 1289 251 1348 6166
283 1289 434 1348 6161666116
466 1292 497 1348 61
522 1288 656 1348 licinium
682 1290 730 1348 661
761 1289 885 1348 11616616
916 1292 1019 1350 tenera

22 1381 113 1436 666166
136 1396 247 1437 venam
269 1378 408 1454 deprimis
432 1381 462 1436 et
485 1378 645 1436 6616161666
668 1377 826 1454 diligenter
843 1378 970 1454 imponis
988 1382 1019 1439 61

21 1465 150 1525 166616116
176 1467 320 1541 strictum,
342 1469 377 1526 ut
400 1467 519 1544 sanguis
543 1467 692 1542 suppremi
710 1467 811 1542 possit.
848 1468 1016 1526 6166161616

8 1555 114 1614 molium
138 1554 308 1632 diligenter,
330 1575 367 1614 ne
390 1556 495 1614 solvat.
531 1555 620 1614 tertio
639 1554 686 1612 die
705 1553 812 1613 solvito
832 1556 863 1612 et
880 1555 1017 1616 similiter
1034 1557 1090 1611 661

21 1647 110 1702 moto
140 1644 272 1702 cottidie.
323 1663 390 1703 cum
415 1643 476 1702 iam
502 1644 600 1702 minus
628 1643 724 1702 dolere
754 1642 948 1718 intellexeris,
981 1645 1018 1702 si·

21 1731 74 1789 nili
97 1732 188 1792 modo
213 1732 305 1791 alium
326 1733 432 1808 pedem
455 1732 577 1791 6666116,
616 1731 760 1807 quomodo
784 1730 1017 1790 demonstratum

21 1819 112 1895 16166,
144 1820 277 1880 servabis
307 1821 440 1880 ordinem
468 1821 573 1880 facere.
620 1820 724 1879 deinde
751 1820 929 1879 traumatico
952 1821 1017 1879 661·

21 1927 79 1968 nera
96 1909 278 1986 percurabis.
316 1913 416 1968 curato
440 1910 561 1969 cottidie
587 1906 650 1986 [ab]
677 1908 836 1986 axungiare
859 1907 949 1983 pedes
967 1910 1015 1968 661

8 1997 101 2057 taliata
124 1999 298 2074 confricare,
321 1998 346 2056 si
367 1997 492 2074 pauperi
514 1999 603 2074 pedes
625 1998 743 2056 fuerint.
781 2015 847 2055 oum
866 1997 1015 2056 cicatrices

21 2087 167 2146 vulnerum
190 2087 371 2146 soldaverint
393 2089 424 2145 61
444 2086 684 2162 praeduruerint,
707 2086 849 2144 duramen
870 2084 1015 2162 imponito

22 2177 46 2231 61
64 2177 236 2234 6666161616.
282 2175 387 2251 quinto
415 2175 461 2233 die
490 2176 522 2233 in
550 2194 622 2254 agro
649 2176 829 2250 promovete.
874 2175 899 2232 si
922 2176 1017 2234 adhuc

21 2263 154 2340 reliquiae
179 2264 356 2341 claudiginis
384 2264 508 2340 fuerint,
537 2265 669 2324 fomente
698 2283 734 2322 ex
756 2263 844 2322 ordeo
868 2266 899 2322 ct
919 2265 1017 2323 resina

21 2370 64 2424 per
84 2353 149 2414 dies
172 2353 209 2410 V.
255 2371 359 2412 sanum
380 2353 439 2411 fiet.
906 2405 908 2408 .

5 2453 12 2492 5
71 2441 174 2500 LVHI
193 2441 391 2517 Quodcunque
409 2441 573 2500 iumentum
596 2440 780 2499 cretiaticum
808 2440 895 2498 aliter
917 2441 1013 2499 curari
1033 2439 1090 2494 666

23 2530 98 2605 solet,
131 2530 320 2590 stremmabis
352 2549 420 2588 eum
451 2531 500 2588 sic.
547 2529 669 2605 deponis
700 2530 865 2587 iumentum
895 2529 1015 2605 ungulis

21 2615 71 2676 ium
100 2619 275 2694 compositis
306 2638 397 2694 prope
428 2619 543 2694 616666,
574 2620 609 2676 61
639 2636 659 2676 s.
691 2636 726 2693 6.,
760 2620 789 2675 61
819 2615 956 2692 alligabis
989 2617 1016 2674 ei

23 2708 201 2786 suffragines,
231 2707 377 2783 quomodo
402 2725 422 2766 s.
447 2725 468 2765 s.
492 2709 544 2765 661
590 2709 688 2765 toturn
717 2705 858 2765 callistem
886 2705 1015 2782 ungulae

23 2793 196 2856 incircuitu
217 2787 347 2872 ungsrlae
371 2795 511 2871 scalpello
535 2793 771 2873 circumgirabiS‚
800 2797 835 2852 ut
858 2811 974 2868 separes
997 2812 1016 2851 a

4 2883 85 2943 66166.
133 2885 173 2943 61
201 2885 315 2962 ungulo
344 2903 436 2960 usque
464 2884 503 2943 ad
533 2884 667 2961 geminas
704 2882 897 2958 superieceris,
950 2900 1015 2941 cum

23 2971 67 3031 tibi
94 2973 224 3033 calciata
254 2975 391 3048 separata
424 2973 461 3030 ab
493 2973 606 3050 ungula
634 2972 699 3032 6166
730 2971 835 3047 fuerit,
867 2971 1016 3046 spatulam

23 3077 128 3120 osseam
149 3063 203 3122 sub
225 3061 343 3120 66111616
366 3061 490 3121 66116166
513 3064 544 3120 61
562 3061 702 3136 scalpello
721 3078 810 3135 supra
828 3061 908 3118 16166
926 3077 1016 3118 66666

82 3237 98 3284 3
108 3229 273 3287 callicie:=
280 3229 399 3304 6611666611
408 3236 425 3284 4
434 3229 562 3300 scalpelli
571 3227 695 3284 frictum:
705 3227 1000 3296 correci,cf.p.215,15
1007 3227 1017 3300 ΙΙ

24 3304 36 3350 6
48 3303 125 3356 semis
141 3301 217 3356 66616
231 3303 240 3372 ll
255 3308 286 3356 11
301 3301 424 3356 videaris
437 3303 494 3371 1113
509 3301 652 3355 calcatura
665 3303 674 3361 ΙΙ
689 3305 721 3352 16
737 3299 860 3353 dolorem
873 3301 882 3368 ΙΙ
896 3303 930 3351 20
944 3297 1016 3351 alia-

23 3371 58 3424 16
71 3375 103 3440 of.
112 3391 200 3442 supro
207 3391 236 3442 p.
246 3377 311 3441 203,
322 3377 340 3427 6
353 3375 362 3443 11
376 3379 408 3425 21
420 3369 836 3438 soldaverint=solidaverint1
852 3369 1015 3438 praedolue-

23 3440 80 3498 rint:
99 3447 214 3513 correxi,
229 3445 263 3512 of.
274 3461 359 3513 supro
368 3461 397 3513 p.
408 3447 520 3510 207‚20
533 3446 542 3512 11
556 3449 589 3496 28
604 3441 709 3511 galline
722 3443 732 3511 ΙΙ
746 3447 780 3495 36
793 3439 858 3495 6166
875 3442 880 3522 l
894 3439 1013 3512 ungule!

24 3514 138 3580 geminos
155 3519 159 3584 Ι
180 3515 336 3585 experrexis
353 3517 357 3584 Ι
374 3531 437 3568 eum
454 3517 464 3584 ΙΙ
482 3519 515 3567 31
535 3512 656 3568 66161616
669 3539 703 3560 ==
719 3513 798 3568 calx?
816 3511 945 3566 call1cia?

68 3613 217 3654 Mulomed.
233 3613 318 3668 chia,
332 3613 367 3654 ed.
381 3613 461 3655 Odor.
824 3607 857 3654 14
