2512 3906
244 169 527 226 MULOMEDIOINA
545 171 714 227 OHIRONIS
734 177 856 226 99-102
1013 169 1056 234 33

74 318 200 378 invenitur
226 320 333 378 humor
361 320 505 397 liquidus,
536 323 621 398 quasi
649 323 819 398 fenugraeci
850 339 943 381 sucus
993 341 1056 381 sar·
1096 322 1136 378 99

72 408 131 466 cosis
156 411 199 468 est
227 409 378 484 tuberum,
406 411 438 468 in
468 430 526 486 quo
558 430 625 470 caro
655 411 816 486 inspissata
846 411 995 486 quomodo
1024 411 1056 469 in

69 498 179 556 vemucis
217 497 376 557 invenitur.
428 499 596 558 aneurisma
633 497 692 574 [est
730 499 882 574 tuberum,
923 500 955 557 in
997 519 1056 576 quo

69 603 124 643 earo
154 586 336 663 conspissata
370 589 517 662 quomodo
552 589 584 646 in
617 589 747 647 verrucis
788 587 946 647 invenitur.
1004 607 1056 646 an-

46 673 191 750 teurisma]
225 677 271 733 est
301 674 453 753 tuborum,
489 677 521 735 in
558 696 616 752 quo
654 676 806 754 sanguinis
847 677 952 752 spirito
989 695 1056 735 cum

68 761 223 822 dilatatione
246 782 352 839 venae,
376 765 482 823 similis
504 767 540 823 ut
562 784 652 825 verer
674 765 854 824 incurabilis.
901 765 1056 824 atheromo

67 852 261 928 ottobonum,
284 853 316 910 in
340 872 398 928 quo
421 854 573 913 invenitur
594 855 726 913 farinosa
750 854 868 932 glacies,
911 853 1056 929 conglioo

67 942 114 1014 est,
142 942 217 1016 quod
241 940 278 999 nt
304 961 340 999 ex
368 943 451 1002 nervi
480 942 694 1020 duplicatione,
724 942 829 1002 similis
856 941 960 1000 tubero
989 959 1056 1000 cum

66 1027 152 1086 dolore
172 1029 331 1088 inmobilia.

36 1127 55 1166 ¹⁰
119 1118 183 1176 XIX
217 1117 320 1178 Omnis
350 1119 464 1178 curatio
494 1123 698 1195 oacumatum,
727 1119 759 1177 id
786 1121 832 1178 est
857 1118 1055 1178 bubonacium
1074 1117 1134 1173 loo

65 1204 125 1264 haec
153 1207 216 1265 erit.
269 1208 396 1282 depones
425 1208 590 1267 iumentum
622 1211 653 1267 et
684 1210 788 1267 contra
819 1208 917 1267 locum
949 1225 1055 1266 causae

66 1295 163 1367 aperies
183 1295 215 1354 in
242 1295 366 1372 longum
389 1295 492 1354 dextra
516 1297 649 1372 sinistra,
678 1299 714 1355 ut
741 1297 870 1356 medium
899 1297 1056 1357 fasciolum

66 1383 128 1440 cutis
148 1403 200 1459 pro
221 1385 459 1461 magnitudinem
478 1403 592 1461 semper
610 1386 747 1444 tuberum
765 1387 925 1444 remaneat.
964 1386 1056 1461 quod·

66 1489 163 1546 omque
184 1473 350 1532 iumentum
373 1474 494 1532 adsidue
524 1475 683 1550 suffundat,
717 1476 752 1532 et.
769 1493 874 1532 curare
895 1474 991 1548 volco,
1018 1493 1055 1532 ne

34 1569 199 1635 15nunquam
226 1562 388 1637 suffundet,
416 1562 458 1621 sic
485 1563 610 1622 curabis.
656 1563 756 1621 elidito
784 1563 949 1621 iumentum
971 1565 1002 1620 et
1024 1563 1056 1620 in

65 1646 197 1709 brachiolo
215 1669 323 1709 venam
346 1653 497 1710 extantem
526 1670 584 1727 quo
607 1651 672 1710 looo
695 1652 842 1726 invenies,
867 1653 964 1709 cutem
987 1669 1055 1710 con-

65 1737 105 1793 tra
123 1756 150 1796 se
172 1740 203 1796 in
226 1739 338 1798 directo
362 1759 455 1798 venae
478 1741 517 1798 ad
536 1741 609 1798 duos
629 1741 739 1817 digitos
763 1740 877 1815 aperies
901 1744 931 1797 et
948 1757 1056 1799 venam

85 1824 276 1898 'plancistrode
304 1827 383 1886 inter
409 1847 516 1888 nervos
544 1829 637 1887 nimia
666 1829 832 1888 subtilitate
854 1827 1001 1887 relevabis
1026 1830 1056 1885 et

67 1913 186 1991 alligabis
216 1917 270 1974 sub
296 1918 422 1975 iumenti
450 1936 549 1976 ossum
576 1936 683 1976 venam
713 1937 816 1994 nervo,
849 1917 894 1974 ita
922 1918 958 1974 ut
992 1915 1055 1974 dia·

35 2001 140 2061 ¹lstima
167 2005 254 2063 unius
281 2005 369 2082 digiti
392 2006 423 2064 in
446 2007 543 2065 medio
573 2008 734 2064 remaneat.
780 2008 811 2064 et
839 2005 991 2080 praecides
1015 2005 1054 2063 ad
1072 2003 1130 2059 ldl

67 2092 201 2168 utriusque
231 2095 333 2168 partes
363 2094 555 2172 alligatum,
592 2115 628 2152 ne
659 2113 735 2153 vena
765 2094 927 2171 alligatura
958 2093 1056 2152 solvat

66 2181 147 2240 medio
168 2183 255 2240 unius
279 2183 368 2259 digiti
389 2202 552 2242 mensurae,
599 2184 713 2242 auferes
742 2186 772 2242 et
799 2183 930 2258 reliquas
953 2186 1054 2257 partes

68 2268 93 2322 et
110 2273 254 2345 separatas
278 2271 492 2348 colligatasquc
519 2272 679 2350 diligenter
704 2272 854 2347 relinques
882 2274 912 2329 et
938 2272 1054 2330 curabis

67 2356 167 2434 vdnus,
195 2360 342 2435 quomodo
370 2363 495 2436 oportet.
542 2363 572 2419 et
599 2361 641 2420 sic
668 2361 761 2419 alium
788 2360 926 2419 similiter
948 2361 1053 2435 pedem

36 2442 148 2505 ancias.
191 2450 295 2508 curato
318 2449 487 2527 observare,
517 2469 554 2507 ne
577 2468 653 2509 vena
680 2441 684 2530 Ι
711 2449 854 2526 colligata
878 2449 1053 2523 resolvatur,
1078 2440 1194 2507 11o'b

68 2549 97 2588 ne
115 2535 188 2594 fluxu
210 2537 364 2614 sanguinis
386 2539 572 2613 periclitatur
598 2539 770 2596 iumentum.
817 2538 897 2614 quod
924 2537 949 2595 si
977 2538 1054 2595 forte

68 2618 113 2680 hoo
132 2626 266 2700 evenerit,
289 2627 407 2684 utiam
429 2645 507 2687 vena
528 2627 670 2702 praecisa,
694 2627 771 2685 siout
793 2645 882 2701 supra
905 2625 975 2700 dixi,
999 2625 1056 2683 sol·

68 2711 141 2770 vatur
161 2715 323 2792 alligatura
347 2717 377 2773 et
402 2715 498 2774 fluxus
526 2716 678 2792 sanguinis
705 2717 869 2791 impetuose
897 2714 1055 2788 subsequa-

69 2796 114 2874 tur,
130 2801 168 2860 sic
190 2803 353 2862 subvenies.
389 2823 496 2864 uenam
514 2804 610 2880 ipsam
633 2804 751 2882 longius
775 2823 864 2880 quam
886 2801 1055 2878 praecisura
1074 2799 1133 2856 loa

38 2889 122 2946 ⁸⁰tun
141 2893 205 2950 oute
228 2893 416 2951 sarcolabida
438 2893 675 2972 comprehendes,
703 2894 748 2951 ita
769 2895 805 2951 ut
828 2891 947 2968 sanguis
970 2905 1055 2965 prae-

68 3013 260 3032 Ἢ

124 3095 357 3152 taneumtn'sma
370 3098 410 3166 [14
429 3097 629 3152 aneumtrisma
656 3100 665 3168 {l
693 3103 708 3151 ὅ
727 3099 841 3164 fortasse
864 3093 979 3164 sanguis
997 3101 1056 3150 tra-

68 3161 139 3220 ditem
153 3169 157 3237 Ι
169 3167 353 3258 Ἄ(ὲοιιερίινεὼιιε
367 3171 401 3237 (t)
412 3168 539 3259 „sanguis
567 3170 639 3240 ch,
654 3169 819 3258 Ιφλεβώδους
838 3164 951 3236 ἀγγείου
974 3167 1059 3246 daeo:

67 3237 185 3382 tttl
202 3247 393 3380 ’Ξῖἱῖἵέἑῗῆῗ
410 3236 1056 3380 llldtl‘llltldttsl2t²lllgt

67 3381 126 3432 mest
141 3382 226 3449 quod:
245 3397 314 3436 corr.
338 3380 400 3452 ch.
415 3383 424 3450 ΙΙ
438 3387 472 3434 10
497 3383 657 3436 ocumatum
670 3383 680 3450 ΙΙ
695 3385 727 3433 15
746 3380 820 3434 elido
834 3382 843 3449 ll
858 3385 892 3433 16
909 3379 1035 3434 braciolo
1047 3379 1057 3451 ll

67 3449 93 3499 18
111 3449 336 3520 diplantistrode:
356 3451 630 3522 typlodiplangistris
648 3453 684 3519 Β,
703 3451 737 3516 of.
757 3468 842 3519 adpro
861 3452 919 3519 7311
940 3455 972 3504 19
993 3449 1058 3502 sub·

67 3523 171 3576 sumenti
183 3527 193 3593 11
207 3530 239 3577 21
261 3540 278 3576 a
296 3523 420 3592 ligatura
434 3526 443 3593 fl
457 3529 492 3576 23
510 3539 594 3591 quae:
613 3539 680 3576 corr.
700 3522 728 3574 B
744 3524 747 3589 Ι
764 3521 883 3589 reliques

111 3619 255 3664 Mulomed.
271 3621 346 3662 onir.
361 3622 395 3663 aa.
410 3621 489 3663 ouer.
881 3614 896 3661 3
