2462 3906
224 137 508 195 MULOMEDICINA
526 138 694 196 amnonis
713 146 852 196 aaa-an
976 141 1040 209 291

105 288 268 348 iumentum
282 290 307 348 si
327 291 444 365 spinam
461 291 510 349 vel
529 290 681 349 surculum
698 290 746 349 vel
766 308 865 351 ossum
883 294 937 350 aut
950 291 1042 368 quod·

47 395 147 454 cunque
169 379 202 437 in
225 396 274 438 ore
297 380 346 438 vel
368 379 399 437 in
421 378 556 438 faucibus
578 378 725 457 habuerit,
747 381 783 438 ut
805 379 904 456 eicias,
921 381 978 441 hoc
995 385 1043 441 ter

46 485 137 526 r.1ues
159 467 246 527 diois:
278 460 323 526 ‘os
346 462 547 544 Gorgonos’.1
1060 472 1164 533 158'a

100 556 187 616 boves
209 576 247 615 ne
270 558 435 633 aegrotent.
481 557 561 616 iunci
582 556 728 634 trianguli
750 557 881 616 radicem
903 577 939 616 ex
967 558 1037 619 vino
1057 559 1115 617 975

25 646 70 701 aet
89 645 150 703 oleo
173 645 327 720 decoquas.
374 644 467 720 dabis,
489 644 601 704 bibant.
981 637 984 646 ¹

99 751 167 793 oves
193 754 231 792 ne
259 735 423 812 aegrotent.
468 733 570 792 lanam
597 734 781 794 combustam
804 751 889 794 suam
912 753 948 793 ex
969 735 1039 796 vino

43 823 68 878 et
88 822 149 882 oleo
173 821 267 898 dabis,
289 822 402 881 bibant

98 929 204 987 caprae
227 930 263 970 ne
287 913 451 989 aegrotent.
495 911 600 971 foliam
622 929 713 987 rapae
736 911 840 970 viridis
863 930 931 971 eum
951 911 1039 988 adipe

42 999 118 1059 suillo
141 999 235 1076 dabis,
257 1002 292 1058 ut
314 1000 411 1058 edant.

12 1105 31 1145 n
97 1089 134 1146 ad
155 1087 323 1166 glandulas,
368 1089 454 1148 ivisci
475 1088 606 1148 radicem
627 1087 773 1164 decoquas
796 1091 827 1147 et
848 1090 948 1148 tusam
970 1107 1039 1148 oum

42 1178 161 1256 axungia
183 1177 215 1235 in
238 1195 337 1253 panno
360 1177 481 1236 induces
509 1179 540 1236 et
561 1177 709 1252 imponeS,
732 1179 763 1236 ct
784 1177 938 1238 remedius,
982 1177 1039 1237 hoc

40 1267 65 1322 et
85 1266 121 1324 ad
144 1266 287 1325 articulos
310 1268 341 1324 et
364 1265 403 1324 ad
426 1285 543 1324 omnem
564 1266 717 1325 humorem
743 1265 821 1325 facit

96 1355 133 1413 ad
156 1354 298 1414 articulos
319 1354 368 1415 vel
391 1355 430 1414 ad
453 1373 553 1414 omnes
575 1357 714 1414 tumores.
760 1354 882 1415 ordeum
904 1358 981 1414 teres
1005 1357 1035 1415 et
1053 1356 1110 1412 976

39 1460 96 1501 oum
118 1447 202 1504 aceto
227 1462 333 1518 coques
357 1444 387 1502 et
410 1444 626 1519 cataplasmam
647 1443 739 1502 facies
762 1445 882 1503 etcum
907 1444 1037 1522 axungia

11 1529 161 1608 reimpones
184 1532 338 1590 inlinitum
360 1533 392 1590 in
415 1551 522 1607 panno.

93 1622 177 1697 potio
200 1622 315 1680 aestiva
337 1620 485 1680 iumentis
531 1620 710 1698 dragantum
733 1621 831 1696 pondo
854 1623 929 1696 tres,
959 1622 1036 1681 croci

36 1711 124 1782 pondo
147 1711 176 1785 I,
203 1709 313 1768 amomi
340 1709 439 1785 pondo
466 1707 525 1787 ΠΙ,
554 1709 637 1784 spica
662 1709 766 1768 indica
793 1713 813 1778 3
836 1708 894 1784 VI,
921 1709 1035 1771 melilo-

36 1801 75 1856 ton
98 1817 123 1887 p
146 1798 190 1875 H,
218 1798 305 1875 ysopi
326 1815 352 1886 p
370 1797 415 1873 H,
442 1798 518 1857 costi
535 1815 561 1886 p
578 1798 622 1874 H,
653 1797 828 1874 aristologia
854 1797 946 1875 longa
967 1815 992 1944 {a
1011 1798 1035 1874 I,

35 1887 147 1946 rotundi
168 1886 267 1963 pondo
290 1886 330 1963 H,
353 1886 511 1964 gentianae
534 1887 633 1962 pondo
655 1886 684 1962 I,
706 1905 823 1945 murrae
846 1887 944 1961 pondo
1004 1901 1036 1962 ς,

7 1975 113 2035 naloen
135 1976 234 2053 pondo
261 1976 290 2050 I,
320 1975 443 2035 storacis
466 1977 487 2043 5
510 1975 570 2053 III,
599 1976 710 2036 cassiae
732 1976 753 2034 f.
768 1978 802 2050 3,
824 1975 883 2034 irin
905 1975 1035 2034 Illiricae

34 2065 123 2137 pondo
146 2064 169 2126 Ι.

90 2543 123 2602 Si
146 2543 311 2602 iumentum
332 2543 492 2602 marsicum
516 2544 546 2600 et
569 2542 757 2602 calcitrosum
774 2542 867 2601 fuerit
889 2546 919 2602 et
941 2561 1030 2602 vena-
1048 2544 1105 2600 977

29 2629 82 2690 lem
113 2653 182 2690 eum
212 2632 373 2708 producere
405 2632 495 2707 volae,
527 2630 568 2690 sio
597 2651 664 2690 eum
690 2631 867 2708 potionabis
912 2649 1031 2690 murrae

29 2721 114 2806 pn,
141 2721 212 2780 tbus
238 2721 403 2780 masculum
428 2737 454 2808 p
477 2719 520 2797 H,
548 2738 699 2796 opponaoe
726 2737 751 2808 p
780 2719 825 2798 Π,
851 2718 915 2778 vini
944 2733 985 2778 aa
1007 2718 1031 2778 Ι.

5 2809 193 2882 apotionabis
216 2829 283 2868 eum
305 2829 359 2885 per
381 2827 422 2869 os.

88 2898 263 2974 compositio
291 2898 414 2957 caustici
437 2897 646 2976 subiugalium.
692 2916 776 2956 cerae
798 2913 821 2975 p
844 2895 887 2971 Π,
914 2897 1029 2955 resinae

28 2987 208 3046 terbentinae
234 3004 259 3075 p
287 2987 331 3063 H,
357 2986 473 3046 resinae
500 2986 628 3046 eronalis
654 3002 679 3073 p
706 2985 749 3060 la,
781 2985 918 3060 apicuma
943 3003 969 3074 p
991 2985 1030 3062 b,

91 3145 107 3192 3
126 3138 342 3194 hoctorr.1uee
356 3138 408 3193 cic:
423 3144 487 3207 poet
500 3155 514 3191 r
527 3137 636 3192 macuta
650 3137 804 3204 atramenti,
819 3153 874 3206 qna
887 3153 946 3190 enea
961 3137 1030 3190 tine-

26 3213 83 3265 nto
109 3211 256 3266 obscenata
278 3215 330 3276 est;
357 3208 387 3263 in
410 3215 509 3263 aures?
531 3208 644 3262 novies?
669 3208 673 3277 Ι
698 3223 850 3289 gorgonos:
878 3208 911 3273 cf.
936 3207 1029 3274 Helm,

26 3280 233 3338 incantamenta
250 3280 365 3350 Magica
375 3297 405 3348 p.
424 3284 496 3347 480;
513 3284 584 3346 490;
602 3282 657 3332 516
674 3279 683 3347 ΙΙ
702 3284 736 3331 10
754 3276 885 3332 1uisci=
899 3276 1002 3332 hibisci
1020 3277 1029 3349 ll

27 3350 271 3424 liapmellilonss
293 3356 328 3404 20
351 3349 469 3405 cassiefe
496 3351 548 3406 aie:
571 3351 668 3404 latetne
690 3347 817 3403 fistulae?
837 3351 846 3415 ΙΙ
869 3354 902 3402 21
928 3351 1027 3404 subscr.

26 3421 153 3494 Claudius
179 3421 320 3485 hermerus
349 3420 534 3476 veterinariae
564 3420 636 3475 liber
666 3419 790 3475 decimus
818 3418 941 3490 Explicit
966 3419 1028 3475 feli·
1144 3479 1147 3486 ,

25 3495 88 3550 citer
100 3498 110 3566 ll
125 3501 159 3550 22
180 3491 347 3548 calcitusnm
361 3494 370 3562 ΙΙ
384 3498 417 3547 27
437 3489 753 3563 apicuma=dn61oau

816 3580 868 3636 19·
