2470 3902
191 143 233 206 76
375 144 658 200 MULOMEDICINA
676 144 846 200 CHIRONIS
865 152 1005 200 cce-257

190 295 275 353 dabis
299 296 326 353 ci
353 296 566 354 scammonium
594 296 733 374 dragmas
756 315 878 355 numero
903 297 949 355 ·11·
993 299 1067 357 bene
1095 299 1198 358 tritum

190 403 256 442 cum
279 385 349 444 vino
373 385 453 443 dulci
477 385 618 460 eminam,
640 388 676 443 ut
699 404 719 446 s.
740 403 785 463 s,
813 385 905 444 dabis.
952 388 977 445 si
1000 388 1113 447 videris
1138 407 1198 446 enm

189 473 278 532 nimis
301 473 399 532 soluto
422 475 525 532 ventre
548 474 724 552 fatigatum,
749 474 920 550 potionabis
943 495 1011 534 eum
1032 477 1199 552 ypocistida

189 575 279 642 p÷
300 563 375 620 trita
409 562 483 621 bene
511 581 578 620 cum
609 581 678 622 suco
706 563 842 638 ptisanae
872 563 920 622 vel
947 584 1014 623 cum
1042 583 1133 641 aqua.
1176 565 1197 623 si

188 651 357 728 ypocistida
375 670 435 709 non
452 651 554 726 fuerit,
577 651 662 710 dabis
685 653 714 710 ei
736 652 909 730 algallicum
931 673 998 712 cum
1017 673 1086 713 suco
1110 655 1224 730 prisc<

113 742 170 798 254
189 759 253 799 nae.
291 740 339 799 cni
361 740 460 799 cibum
483 739 568 798 dabis
595 740 768 800 lenticulam
798 743 828 800 et
858 741 995 816 ordeum,
1025 743 1106 802 sicut
1132 761 1153 802 s.
1177 761 1196 802 a.

188 833 257 905 post
279 830 353 888 haec
372 829 473 888 omnia
490 829 626 888 adhibita
645 829 839 906 sinapidiabis
858 847 908 888 cas
925 833 1027 906 partes
1049 832 1196 892 causarias

189 919 321 977 eiusdem
340 917 530 979 ¹ualitudinis.
577 921 647 993 post
671 918 933 995 sinapidiationem
956 939 1026 979 ures
1043 941 1095 980 ea
1129 923 1196 993 loca,

189 1026 265 1084 quae
285 1006 482 1082 sinapidiasti‚
501 1008 532 1064 et
550 1007 667 1066 curabis
683 1010 762 1082 usta,
781 1010 928 1083 quomodo
947 1011 1074 1084 oportet
1104 1010 1195 1085 potio

187 1097 273 1155 nabis
304 1115 371 1154 curn
402 1115 456 1171 per
482 1095 545 1154 dies
573 1097 674 1173 plures
706 1116 742 1155 ex
768 1096 905 1156 antidoto
932 1099 1102 1174 policresto.
1150 1117 1222 1174 perro

187 1186 287 1260 plures
307 1184 369 1242 dies
391 1185 579 1260 promovebis
600 1185 835 1262 perminutatim,
853 1183 1050 1246 adiectionem
1068 1187 1193 1246 cibariae

187 1273 334 1349 paulatim
356 1273 457 1349 facies,
480 1272 572 1333 donec
596 1274 634 1332 ad
656 1275 816 1351 pristinum
838 1276 959 1335 modum
981 1277 1113 1335 cibariae
1136 1295 1195 1351 per-

112 1365 169 1421 255
188 1362 297 1421 veniat.
343 1381 397 1438 per
422 1363 479 1420 hoc
504 1363 611 1422 ciclum
633 1363 809 1423 valitudinis
835 1364 1015 1424 incurabiles
1043 1365 1110 1424 sani
1137 1363 1194 1422 fieri

186 1451 411 1528 promittuntur.
460 1451 534 1511 haec
569 1455 638 1511 sunt
665 1454 766 1511 antem
792 1453 985 1530 valitudines,
1018 1473 1092 1530 quas
1126 1453 1193 1512 ciclo

188 1557 290 1600 curare
314 1539 445 1618 oportet:
467 1540 574 1618 insani,
598 1541 769 1617 carobarici‚
792 1541 895 1601 caduci
919 1534 1007 1623 (ciclo
1031 1545 1131 1601 curati
1152 1551 1223 1600 ca-c'

186 1629 248 1705 pite
269 1622 424 1712 uruntur),
447 1630 584 1706 morbidi,
606 1631 786 1705 disenteriei
809 1631 1001 1709 coriaginosi,
1026 1631 1192 1706 ortopccioi,

65 1723 167 1781 119'a
185 1719 336 1795 strophosi
359 1710 447 1800 (ciclo
471 1720 568 1777 curati
589 1719 709 1778 renibus
731 1713 881 1802 mnan).
903 1716 907 1798 Ι

48 1808 166 1868 cnr-256
251 1807 337 1867 XDc
351 1808 458 1883 capitis
472 1808 696 1884 valitudinibua
715 1826 791 1884 quae
806 1810 835 1868 et
850 1810 997 1885 quomodo
1013 1812 1042 1867 et
1056 1828 1075 1867 a
1091 1809 1191 1884 quibus

26 1882 271 1984 t,}{'1}}1¹2„f}‚‘’²1¹f,rebus
290 1897 438 1956 accedent.
476 1897 550 1955 scire
569 1900 695 1973 oportet,
715 1898 740 1956 si
758 1898 878 1972 quando
896 1898 1065 1974 incorpora
1083 1898 1190 1956 iumen-

185 1988 286 2043 torum
309 1985 399 2044 alicui
419 1986 588 2063 contigerit,
610 1988 647 2044 ut
663 1985 820 2061 plenitudo
839 1988 992 2064 sanguinis
1011 2006 1029 2045 a
1047 1987 1188 2045 cruditate
1200 1979 1225 2052 cl

185 2093 239 2148 per
255 2073 484 2152 indigestionem
506 2075 538 2133 in
561 2093 611 2134 eos
630 2077 844 2150 corrumpatur.
882 2076 961 2151 quod
983 2076 1019 2134 fit
1040 2074 1189 2134 imbecilli·

185 2164 248 2220 tate
272 2163 403 2238 corporis
429 2183 464 2222 ex
486 2164 708 2240 perfrictionem
730 2165 780 2224 uel
802 2167 897 2223 aestu.
944 2183 1019 2240 quae
1043 2163 1189 2239 corruptio

185 2250 348 2327 sanguinis,
373 2270 463 2327 quam
487 2251 593 2312 Gracci
616 2253 775 2312 diaftoram
797 2253 965 2330 appellant,
988 2254 1020 2312 in
1043 2254 1189 2328 capitose

185 2339 364 2400 derivaverit
391 2341 469 2400 circa
496 2341 668 2400 membrana
695 2341 809 2400 cerebri
836 2344 867 2401 et
892 2361 983 2401 venas
1011 2362 1047 2401 ex
1073 2341 1189 2419 porhic-

183 2429 279 2504 tione,
302 2429 520 2505 tendideritquc
543 2430 715 2488 membrana
737 2430 831 2489 totius
854 2431 968 2506 capitis
1015 2431 1041 2490 si
1064 2430 1216 2490 nondumc

184 2517 335 2578 cerebrum
362 2519 567 2596 gravaverint,
593 2519 803 2578 distentionem
830 2520 947 2578 faciunt
972 2519 1009 2578 ab
1038 2539 1086 2594 eo,
1115 2517 1188 2593 quod

107 2600 163 2655 257
184 2608 461 2666 somnum...unde
479 2608 514 2666 fit
533 2608 747 2667 scotomaticus.
785 2608 830 2666 est
848 2611 948 2668 autem
966 2608 1102 2667 valitudo
1121 2606 1188 2665 levis

183 2696 300 2756 initium
309 2695 509 2755 valitudinum
522 2696 602 2754 infra
616 2697 803 2772 scriptorum.
828 2699 908 2772 quod
922 2700 948 2756 sc'
961 2697 1114 2772 coeperint
1127 2697 1187 2770 ipsa

183 2785 355 2844 membrana
379 2785 489 2843 cerebri
507 2786 627 2862 macari
646 2805 682 2844 ex
701 2786 803 2844 eadem
822 2787 1010 2862 corruptione
1032 2784 1186 2864 sanguinis,

254 3015 270 3061 3
294 3007 446 3078 ypocistiar
474 3009 506 3061 c‘c
528 3025 613 3078 mcrp.
636 3007 833 3078 ypaquistidos
856 3012 866 3079 ΙΙ
888 3014 904 3062 8
924 3009 1030 3064 eisdem
1052 3013 1062 3081 ΙΙ
1086 3017 1119 3065 10
1137 3012 1184 3063 ie.

183 3078 360 3150 πολυχρήστῳ
387 3081 397 3148 ΙΙ
430 3083 463 3132 15
491 3078 648 3134 carobarici
671 3106 705 3125 =
728 3078 914 3151 καρηβαρικοί
940 3081 981 3150 Β,
1012 3080 1107 3136 insani
1135 3096 1184 3135 cor-

183 3150 309 3204 roborari
332 3151 394 3221 ch.
414 3167 559 3218 perperam
588 3153 591 3220 Ι
621 3153 717 3205 curato
744 3152 754 3220 ll
783 3157 815 3204 16
834 3150 969 3205 morbidis
989 3150 1104 3209 intecti:
1126 3167 1183 3208 corr.

188 3221 249 3291 Vey.
273 3223 283 3289 ΙΙ
309 3227 341 3274 17
361 3220 536 3276 ortotonicis:
560 3237 627 3275 corr.
652 3221 714 3292 ch.
737 3221 747 3294 ll
766 3227 799 3274 18
822 3222 885 3292 ch.
904 3224 960 3277 III
974 3227 1027 3289 1,3
1047 3225 1116 3292 (III
1130 3227 1157 3291 8)
1177 3221 1184 3291 ll

184 3297 217 3343 23
237 3291 383 3358 dyaforam
400 3295 410 3362 ΙΙ
433 3297 466 3344 25
485 3295 578 3374 quae]
600 3309 638 3362 sq.
657 3291 735 3346 noxii
754 3293 899 3362 sanguinis
917 3293 994 3348 virus
1011 3293 1043 3348 in
1061 3297 1145 3366 caput
1161 3308 1183 3345 se

183 3363 266 3430 rapit.
296 3365 364 3416 tunc
384 3362 459 3416 enim
479 3362 594 3432 repletis
615 3363 693 3417 venis
715 3363 821 3418 cerebri
841 3364 1005 3419 membrana
1024 3365 1184 3422 distenditur

184 3432 213 3485 et
231 3431 322 3485 somni
341 3432 492 3485 salubritas
511 3433 673 3500 frequenter
686 3433 844 3488 excluditur
861 3435 924 3505 ch.
939 3438 947 3505 ll
962 3442 995 3488 2⁷
1011 3437 1182 3492 stomaticus:

185 3517 252 3555 corr.
270 3501 297 3553 B
311 3502 320 3569 l}
334 3507 368 3553 28
386 3501 416 3554 in
434 3501 534 3556 ictum:
553 3519 621 3557 corr.
641 3505 689 3576 B'l
706 3504 841 3573 scriptum
857 3508 861 3574 1
877 3523 932 3573 quo
951 3506 1005 3562 sic:
1024 3525 1093 3563 corr.
1113 3509 1139 3561 B
