2522 3912
219 169 502 226 MULOMEDICINA
521 171 852 228 3331031331-433
977 175 1041 240 163

26 322 128 380 deinde
159 341 197 381 ex
225 320 328 380 eodem
358 339 427 380 suco
458 322 629 396 potionabis
660 325 691 380 et
719 323 796 381 cicer
824 324 969 384 infundes.
1016 327 1041 386 si

27 411 93 486 quid
117 410 215 487 aliud,
239 410 320 485 quod
343 410 494 486 competit,
518 410 565 469 da.

85 499 160 558 XLI
191 497 271 557 (lma
298 498 508 575 inpendiginis.
560 499 787 577 inpendiginum
821 502 938 577 pumice
974 522 1041 562 cum
1161 508 1163 513 ’

26 591 104 648 aceto
141 587 290 646 confricas
323 588 354 646 et
384 606 531 665 perunges
564 589 626 647 sale
663 591 694 647 et
725 589 824 649 butiro
858 593 911 649 aut
943 592 1041 651 oleum

10 679 129 737 misces
154 681 181 736 ct
204 678 318 735 statues
336 676 368 734 in
391 676 457 735 loco
480 677 573 735 molli.

86 765 176 824 XLII
190 765 236 824 De
246 765 442 824 fasciacdone
451 766 482 823 et
497 767 524 824 si
537 767 664 826 actaeae
676 785 902 844 praeoccupare,
916 789 952 826 ne
962 789 1040 828 mor·
1058 769 1117 829 491

26 855 73 914 133
84 854 221 914 accedat.
245 853 393 913 fascinato
409 859 510 912 autem
523 854 646 913 infunde
660 875 714 931 per
727 874 813 915 nares
828 857 966 933 bitumen,
982 860 1041 916 sul·

25 944 76 1018 fur,
97 944 231 1002 fructum
249 943 337 1018 lauri,
356 942 539 1002 resolventes
553 961 641 1019 aqua,
660 946 690 1003 31
704 945 943 1004 circumferentes
956 947 1041 1006 iuxta

25 1033 107 1091 illum
122 1032 316 1092 coriandrum
330 1033 361 1089 et
374 1031 495 1089 taedam
514 1033 545 1090 et
564 1032 660 1090 sulfur
673 1033 783 1093 eisdem
802 1037 832 1094 et
850 1034 1039 1112 fumigantes.

0 1122 109 1179 timul
135 1120 355 1180 observandum
378 1121 409 1177 et
436 1120 514 1179 circa
543 1121 604 1178 alia
633 1122 838 1198 quadrupedia
864 1124 1040 1200 incipientes

25 1209 213 1268 infirmitates
233 1209 366 1268 omnium
385 1209 531 1268 rotundae
550 1210 681 1284 unguriae
705 1213 758 1270 aut
777 1212 866 1288 bobia,
885 1215 913 1272 si
937 1232 1040 1289 coepe-

1 1337 2 1340 =
24 1300 81 1357 rint
98 1298 256 1356 infirmari.
292 1297 395 1356 autin
413 1300 489 1372 potu
506 1298 609 1357 mittes
628 1299 743 1359 scillam
763 1303 794 1359 et
806 1302 903 1359 ramni
917 1303 1039 1362 radices,

25 1391 64 1445 est
89 1390 193 1445 autem
216 1405 338 1445 ramnus
361 1388 498 1463 populus.
545 1389 576 1445 et
600 1387 662 1446 sale
690 1389 777 1447 mitte
800 1390 832 1447 in
854 1393 930 1465 potu
952 1392 1039 1450 33111-

25 1476 110 1534 diano
136 1475 199 1551 die,
223 1493 378 1550 quousque
401 1493 491 1534 sanus
513 1475 575 1534 fiat.
622 1497 637 1534 e
681 1477 706 1535 si
729 1478 859 1537 volueris
882 1497 1039 1554 praeoccu-

0 1615 1 1618 ,
26 1584 96 1639 pare
130 1564 321 1640 desperatam
351 1564 562 1639 valitudinem,
591 1567 627 1624 31
656 1566 732 1624 nihil
762 1585 864 1624 eorum
896 1567 1039 1626 animalia

23 1654 193 1728 patiuntur,
221 1671 313 1712 uerno
336 1652 499 1729 incipiente
521 1653 561 1711 da
588 1655 794 1730 suprascripta
822 1655 854 1712 in
884 1657 972 1730 potu,
1002 1660 1039 1714 31

23 1742 166 1801 33333113
190 1744 325 1817 tempore
348 1741 400 1800 des
423 1741 595 1801 differendo.
641 1743 680 1800 da
704 1747 805 1802 autem
828 1763 882 1818 per
904 1743 967 1802 dies
985 1745 1036 1821 IX,

23 1835 50 1888 31
72 1849 228 1906 nunquam
253 1824 409 1905 decipieris
431 1832 488 1890 hoc
510 1831 631 1890 iaciens.

85 1919 188 1978 XLIII
210 1919 255 1977 Da
279 1918 376 1978 cordis
399 1919 509 1978 dolore.
550 1920 574 1978 si
599 1939 617 1978 a
640 1920 727 1978 corde
751 1920 873 1995 aliquod
896 1924 1036 1979 vexatum
1055 1921 1113 1980 498

7 2008 112 2066 fuerit
144 2005 198 2066 aut
226 2007 372 2067 rotundae
402 2009 532 2086 ungulae
564 2011 618 2067 aut
646 2008 770 2085 bovum,
801 2009 887 2086 signa
916 2009 1039 2068 habebit

23 2097 100 2154 haec.
149 2097 282 2172 suspirat
304 2096 432 2172 spissum
456 2099 487 2155 et
510 2098 613 2156 oculus
636 2097 740 2156 dexter
763 2097 790 2156 ei
812 2098 989 2157 lacrimatur
1007 2102 1038 2157 et

24 2204 39 2241 a
68 2185 133 2245 cibo
164 2186 274 2259 resilit,
307 2185 482 2261 quidamst
514 2186 732 2246 contrahuntur
763 2188 793 2244 et
825 2187 980 2246 consident
1005 2189 1038 2246 in

24 2293 125 2349 genua
172 2276 272 2333 totum
296 2276 397 2332 autem
419 2293 526 2350 corpus
550 2275 632 2334 dolet
655 2277 686 2333 31
707 2275 835 2333 maxima
859 2278 951 2352 caput
969 2296 1036 2336 con-

25 2362 128 2441 trahit,
156 2363 204 2420 illi
228 2364 329 2421 autem
352 2363 477 2421 evadere
505 2383 565 2422 non
587 2360 720 2438 possunt.
766 2367 909 2422 curantur
936 2361 1037 2424 autem

2 2450 72 2510 sic.
117 2451 294 2530 sanguinem
327 2452 459 2510 detrahis
488 2469 525 2510 ea
557 2451 701 2510 cervicem
732 2454 764 2510 et
791 2472 939 2530 perunges
969 2474 1037 2512 eum

25 2539 90 2597 vino
120 2543 151 2598 31
184 2541 251 2599 3133
282 2542 313 2598 31
342 2541 459 2599 infandi
492 2540 520 2598 ai
553 2541 646 2601 cineci
678 2558 777 2599 semen
810 2543 848 2600 ad
880 2542 1037 2600 dimidium

27 2629 210 2687 acetabulum
243 2631 274 2686 31
305 2629 383 2687 anisi
418 2629 602 2688 tantundem.
641 2629 714 2688 haec
749 2631 827 2688 teres
864 2633 895 2688 et
927 2631 1113 2705 3311133199

27 2715 103 2774 adice
125 2717 190 2777 uini
213 2717 276 2776 albi
306 2717 405 2776 emina
434 2720 465 2776 31
494 2717 673 2793 commissis,
702 2718 825 2776 infunde
855 2739 909 2794 per
933 2737 1036 2777 narem

27 2803 180 2867 sinistram.
228 2805 319 2864 tertio
343 2808 444 2864 autem
468 2806 515 2864 die
539 2807 677 2866 detrahes
700 2807 875 2884 sanguinem
899 2807 933 2864 de
953 2808 1035 2884 geni-

6 2890 77 2950 bus
98 2899 129 2954 31
150 2913 301 2972 perunges
324 2894 421 2953 simul.
469 2895 592 2954 infunde
623 2896 650 2953 ei
681 2896 829 2970 accipiens
858 2895 967 2954 comini
997 2896 1036 2954 ad

26 3020 234 3032 ‘zo——

90 3103 105 3152 3
121 3099 156 3154 de
170 3097 338 3169 impetigine
352 3099 437 3153 iudea
450 3115 536 3167 supro
546 3115 575 3168 p.
591 3103 681 3166 131,3
694 3101 704 3168 11
719 3107 734 3153 3
749 3099 898 3154 miscentes
912 3100 922 3169 11
936 3105 952 3152 6
971 3099 1033 3170 ch.

30 3165 121 3242 1731
143 3170 283 3226 fascione:
307 3185 375 3224 corr.
394 3170 479 3224 iodea
496 3185 582 3238 stupra
596 3169 802 3292 31311131
824 3169 947 3224 volueris
969 3187 1033 3240 ecp-

21 3237 88 3303 plevi
110 3258 145 3296 ea
168 3243 186 3296 1.
199 3245 236 3296 14
256 3242 266 3310 1
288 3245 303 3294 7
322 3239 450 3294 bitumen
465 3241 540 3311 ch.:
560 3240 661 3294 vitium
683 3245 693 3308 11
713 3245 729 3293 8
761 3258 878 3310 uagum:
905 3257 973 3296 corr.
993 3242 1033 3310 B;

25 3321 82 3363 eum
98 3311 196 3382 granis
214 3310 290 3365 lauri
317 3311 379 3381 ch.
398 3311 408 3383 11
428 3317 462 3364 10
482 3309 699 3381 3131111319111
725 3311 762 3366 Vc
781 3354 786 3366 .
812 3311 838 3364 V
850 3315 885 3366 71
905 3313 910 3382 1
927 3311 1006 3366 vobis
1028 3313 1032 3384 1

26 3377 48 3429 fli
62 3382 183 3452 33311ἀὲ1
198 3387 232 3436 15
252 3383 351 3452 311116
372 3381 561 3452 superscripta
575 3384 584 3452 11
604 3388 636 3436 11
655 3398 707 3451 per
724 3329 787 3436 Xll⁷
807 3381 867 3436 dias
887 3382 1034 3437 continuos

29 3446 108 3523 1311
127 3459 161 3508 19
179 3453 555 3524 31Η100,11(Ε331313111
575 3459 609 3506 20
627 3452 732 3507 bonum
750 3455 759 3522 11
781 3459 815 3507 22
833 3453 945 3508 residit:
965 3471 1033 3509 corr.

25 3517 262 3591 Β125331τ3131
280 3526 310 3578 et
329 3525 332 3596 1
353 3525 492 3594 perunget

820 3631 872 3684 11*
