2470 3902
220 155 502 210 MULOMEDICINA
522 155 691 211 CHIRONIS
710 161 851 211 272-275
997 154 1038 220 81

49 305 104 364 ficus
125 306 232 364 virides
254 306 287 364 in
305 307 464 365 sacellione
482 306 583 364 mittes
602 309 632 364 et
649 306 794 382 decoquas
813 310 844 365 et
862 307 952 366 facies
973 323 1040 365 cum·

49 413 111 468 aqna
132 395 170 453 ad
192 396 367 471 sextarium,
393 395 531 454 infimdes
557 415 611 470 per
638 413 671 454 os
700 399 729 454 et
756 394 925 454 deambulet
946 397 1039 472 pusil-

47 483 102 541 lum.
152 485 323 543 unctionem
355 487 456 542 autem
487 483 580 543 facias
617 483 723 543 baccas
755 484 833 543 lauri
863 503 956 562 grane
985 505 1039 543 nu·
1059 485 1116 542 272

45 591 111 630 nero
133 572 188 630 XV
211 575 242 630 et
263 573 323 631 irin
345 573 458 632 Illirioa
483 572 554 648 311,
577 576 663 631 rutae
687 572 766 648 quod
793 572 929 632 sufficiet.
965 575 1039 633 haee

25 661 123 733 aliquus
144 661 313 738 diligenter,
334 679 481 739 perunges
503 663 639 738 tempora
663 665 694 720 et
715 680 802 720 nares
825 662 888 720 eius
911 664 942 720 et
959 663 1039 721 fron·

42 752 94 807 tem
120 750 230 824 calido,
258 751 285 809 si
310 751 425 826 hiemps
452 751 556 826 fruerit3
588 751 615 810 si
642 754 753 826 aestas,
786 749 827 809 sic
855 749 909 808 illa
935 751 1038 828 uteris,

43 839 175 912 quomodo
205 842 257 900 est.
302 840 359 898 hoo
387 842 417 898 et
450 839 528 898 cirea
560 857 661 899 omnes
693 842 784 917 caput
816 839 949 898 dolentes
981 840 1037 898 fac.

42 929 112 986 utere
135 930 236 986 autem
260 931 290 987 et
312 928 429 987 clistere
452 947 488 987 ex
505 929 585 987 nitro
604 930 635 986 et
652 929 740 987 melle
763 930 794 986 et
812 929 877 987 oleo
900 931 931 986 et
951 946 1037 1003 aqua.

41 1018 99 1074 ante
120 1017 265 1092 produces
293 1019 424 1077 stercora
451 1037 487 1076 ex
509 1036 588 1093 aqua
612 1018 709 1076 calida
737 1022 767 1076 et
790 1017 975 1092 cataplasma
1003 1036 1038 1076 ex

13 1105 127 1163 clarina
147 1106 290 1164 ordeacea
309 1107 488 1181 commissae,
506 1107 635 1164 resinam
654 1106 760 1165 duram
777 1109 831 1164 aut
851 1106 901 1164 fici
922 1105 1038 1165 radices

41 1211 143 1270 coques,
190 1195 315 1254 adiuvat
336 1195 416 1253 enim
439 1198 469 1254 et
491 1195 523 1253 in
545 1195 649 1254 babae.

93 1283 165 1341 XVI
196 1284 241 1342 De
265 1284 372 1359 capitis
394 1284 497 1342 morbo
521 1301 651 1342 raanan.
689 1293 778 1360 quem
803 1284 844 1342 sio
870 1301 1035 1361 cognosces.
1055 1285 1114 1341 272

39 1376 118 1446 caput
140 1375 172 1430 et
194 1373 343 1432 auriculas
366 1373 508 1431 demissas
529 1373 670 1431 babuerit
697 1377 726 1431 et
748 1374 780 1431 in
803 1373 1036 1432 ambulationem

39 1464 253 1536 conquassatur,
276 1464 341 1520 toto
365 1478 487 1537 corpore
511 1462 624 1538 feritur,
647 1480 701 1521 nec
725 1461 803 1520 enim
821 1463 920 1520 cibum
939 1462 1038 1521 sumit.

12 1549 72 1606 asic
99 1570 169 1608 eum
198 1550 323 1608 curabis.
369 1539 546 1628 sangninem
571 1551 607 1608 de
633 1550 817 1626 temporibus
844 1551 981 1609 detrahes
1009 1539 1039 1609 et

37 1638 119 1696 desub
143 1639 246 1698 oculis.
282 1642 418 1714 tempora
441 1639 558 1698 curabis
576 1640 627 1714 sio,
649 1645 683 1698 at
705 1657 726 1698 s.
746 1658 767 1700 s.
808 1657 912 1697 sanum
934 1639 992 1697 fiet

93 1729 128 1786 de
167 1728 275 1803 eapitis
303 1728 407 1788 morbo
442 1745 634 1787 ronronnrus
674 1729 715 1787 sio
750 1729 875 1803 scripsit.
921 1746 988 1786 cum
1020 1729 1117 1785 aava

38 1816 125 1890 capite
148 1817 269 1874 morbus
293 1817 401 1885 oritur,
430 1817 560 1892 primum
583 1817 669 1876 cadet
691 1817 737 1875 illi
765 1835 867 1875 reuma
893 1815 925 1874 in
948 1819 1040 1891 caput

39 1906 62 1960 et
81 1907 173 1980 caput
195 1905 223 1964 ei
245 1925 336 1982 greve
353 1905 390 1963 fit
406 1925 460 1964 neo
484 1906 584 1965 oeulos
608 1906 730 1984 erigere
743 1905 845 1981 possit.
878 1905 936 1963 nisi
958 1905 1036 1963 forte

10 1995 184 2053 aaooesseris
203 1995 278 2053 ad..
294 1995 459 2053 ,auriculae
479 1997 507 2054 ec‘
525 1994 656 2069 stabunt,
675 1995 753 2053 oculi
771 1994 923 2072 graviores
942 1996 1037 2070 erunt,

38 2084 61 2138 et
81 2083 204 2159 spiritus
232 2084 333 2142 crebro
356 2084 451 2160 ducit,
479 2084 615 2142 nonnulli
641 2083 755 2160 rigores
782 2084 980 2159 insequuntur
1007 2086 1038 2142 et

36 2170 103 2242 pilos
129 2172 311 2231 horridiores
338 2172 475 2247 habebit,
503 2172 633 2232 difficilis
660 2172 759 2230 servit.
805 2191 873 2232 eum
901 2173 1037 2232 morbum

37 2259 71 2317 sic
89 2263 212 2319 curato:
236 2264 266 2320 et
288 2261 462 2338 sanguinem
485 2262 615 2320 amittito
638 2261 743 2319 dextra
766 2261 886 2320 sinistra
905 2261 940 2320 de
959 2262 1036 2320 collo

37 2349 61 2404 et
81 2350 230 2410 abstineto
253 2349 291 2408 ab
314 2367 402 2425 aqua,
425 2369 461 2408 ne
484 2350 573 2408 nimis
593 2349 685 2408 bibat.
725 2353 827 2408 curato
851 2353 942 2425 eaput
964 2351 1036 2426 eius,

9 2437 104 2496 asieut
126 2449 219 2514 supra
240 2438 384 2514 scriptum
406 2441 458 2497 est.
501 2439 543 2497 sie
565 2457 670 2497 sanum
692 2438 751 2497 fiet.
858 2489 861 2495 .

92 2527 180 2585 XVH
222 2545 345 2586 raanan
388 2527 423 2585 de
462 2527 650 2587 distensione.
704 2528 783 2603 quod
820 2527 986 2586 iumentum
1018 2530 1112 2586 aare

37 2613 239 2676 distensionem
277 2616 439 2691 laborabit,
479 2617 564 2694 signa
611 2619 698 2674 erunt
735 2617 815 2676 haec.
878 2615 1037 2692 caliginem

37 2705 159 2774 patietur
186 2706 248 2764 eive
274 2707 383 2764 tremet
404 2708 494 2763 totus.
540 2705 613 2764 haee
637 2707 737 2763 autem
759 2704 894 2764 valitudo
914 2703 1036 2778 aceedit,

38 2791 58 2847 si
82 2795 199 2868 quando
231 2794 398 2852 iumentum
429 2814 464 2852 ex
496 2811 590 2868 aquae
627 2795 740 2870 opifera
777 2796 807 2852 et
838 2791 1036 2870 indigestione

7 2891 89 2939 anon
115 2883 270 2942 dormierit
297 2885 327 2940 et
354 2883 529 2942 substrictus
555 2883 706 2941 manserit.
735 2876 740 2961 Ι
768 2883 837 2940 huie
863 2880 1037 2939 membrano
1057 2888 1161 2946 120la

39 2971 136 3044 capitis
168 2972 332 3030 tenduntur
365 2973 397 3030 et
424 2971 681 3048 refrigerationem
713 2970 866 3048 sanguinis
896 2988 955 3027 non
984 2987 1036 3044 pa-

39 3089 240 3101 ³*ss—

102 3164 116 3212 1
136 3176 199 3212 enm
220 3163 230 3227 ΙΙ
251 3163 267 3212 5
285 3158 357 3230 liges
380 3161 389 3228 l
412 3163 428 3211 6
448 3157 551 3212 collido
569 3159 610 3213 vel
633 3157 736 3212 callido
755 3157 812 3211 eod.
835 3158 845 3226 ΙΙ
868 3161 902 3209 14
919 3131 1038 3210 servitur

40 3226 70 3279 Μ
79 3232 89 3298 l
103 3236 135 3283 16
154 3233 185 3284 ut
203 3231 315 3298 serpsi:
332 3246 395 3283 eum
409 3231 418 3300 l
433 3235 465 3282 17
485 3229 646 3283 Pollicletus
661 3231 669 3297 ΙΙ
684 3235 717 3281 20
736 3227 763 3281 ei
778 3228 816 3281 M
818 3251 826 3282 ι
844 3230 873 3281 et
886 3229 895 3296 n
910 3232 942 3280 25
963 3225 1037 3280 sicut

39 3314 116 3368 snpra
133 3301 267 3372 seriptum
286 3302 330 3355 est
346 3302 378 3354 da
396 3302 453 3354 cod.
473 3302 510 3354 ad
528 3302 639 3354 initiam
657 3317 716 3368 cop.
732 3300 829 3353 XVII
843 3299 935 3353 delata
953 3296 1037 3366 (sicut

39 3386 115 3438 usque
133 3373 169 3426 ad
186 3376 264 3427 totus
278 3373 295 3426 l.
310 3375 350 3427 28
367 3373 450 3426 rubro
468 3375 542 3439 eorl:
561 3372 731 3438 transposuit
744 3371 770 3424 L
784 3372 793 3440 ΙΙ
807 3375 840 3423 27
860 3368 897 3423 ad
917 3367 1036 3422 extensi-

38 3455 126 3496 onem:
143 3460 209 3498 corr.
224 3445 253 3497 B
266 3446 276 3513 11
289 3448 324 3498 28
342 3443 404 3512 ch.
423 3444 480 3496 ΙΙΙ
493 3447 511 3497 9
525 3445 534 3512 ΙΙ
548 3447 582 3496 22
601 3457 675 3508 aqua
688 3443 697 3510 ss
712 3447 746 3494 30
764 3441 889 3494 membra
902 3441 913 3508 ΙΙ
926 3445 958 3492 31
979 3439 1037 3492 die-

38 3513 181 3568 tenduntur
203 3515 265 3585 Vep.

87 3611 231 3654 Mulomed.
247 3613 333 3664 caia,
351 3613 385 3653 ed.
400 3612 479 3653 Odor.
861 3604 876 3651 6
