2474 3910
217 159 497 216 MULOMEDIOINA
515 158 685 215 CHIRONIS
704 163 843 214 oss-571
970 159 1034 224 183

38 310 215 386 insequenti
238 329 426 386 quascunque
449 311 573 370 venulas
597 310 716 384 adures,
743 311 778 368 ut
806 311 834 368 ei
858 311 1035 388 sanguinem

38 402 153 458 statuere
183 401 288 476 possis.
344 418 415 460 cave
435 420 486 468 ne
520 398 645 457 nimium
679 398 808 457 canteris
838 399 959 476 edures,
996 419 1033 460 ne

37 489 107 547 nervi
131 488 369 568 indignationem
403 488 568 564 patiantur,
605 507 641 546 ne
675 487 707 544 in
738 487 835 546 meins
867 489 1034 564 periculum

36 577 188 636 iumentum
218 577 338 639 incidat.
384 576 490 636 deinde
519 577 649 654 axungia
679 576 822 636 cervicem
851 577 972 636 fricabis
1003 581 1034 637 et

16 666 113 724 sfascie
139 667 257 726 munito
289 687 356 725 eum
384 665 508 725 curabis.
534 668 576 724 et
603 665 699 724 altero
727 665 844 740 quoque
871 665 920 724 die
952 669 1033 724 ceta·

35 755 166 828 plesmsm
189 756 342 832 imponere
365 755 502 832 incipies,
529 756 565 812 ut
590 755 735 830 impetum
759 756 790 813 et
810 754 958 813 fervorem
981 774 1032 813 au-

34 843 97 902 ferre
119 845 225 920 possis.
276 844 382 903 deinde
405 844 525 903 ferbure
548 843 651 902 ablata
678 843 740 900 iem
766 845 837 902 usta
865 843 959 918 lanes,
989 861 1032 902 se·
1051 845 1111 902 569
1153 865 1155 870 ·

34 933 131 1009 misses,
157 935 241 993 loteo
265 933 362 992 calido
385 932 514 1007 fovebis,
541 931 646 990 deinde
674 934 759 990 aceto
787 935 818 990 et
844 932 910 990 oleo
939 931 1034 990 dilues

34 1024 57 1078 et
74 1022 298 1082 medicamentis
321 1021 410 1082 certis
433 1021 559 1080 curubis.
605 1021 630 1080 si
652 1021 714 1079 iem
737 1020 905 1080 cicatricem
928 1040 1034 1097 prove-

15 1110 84 1168 rnire
105 1111 180 1170 bene
193 1111 328 1187 ridens,
361 1107 510 1186 [incipies]
536 1109 752 1168 medicamento
775 1110 833 1168 teli
859 1111 967 1186 uteris,
998 1112 1034 1167 ut

32 1201 113 1272 possit
134 1200 245 1260 melius
270 1200 392 1259 'cludere
422 1202 453 1258 et
481 1199 667 1276 piligerere..
695 1199 793 1274 cupite
821 1199 927 1258 canino
957 1217 1033 1258 ccm-r

32 1291 115 1348 musto
143 1289 221 1348 cinis
248 1291 279 1347 et
305 1289 391 1364 adipe
420 1288 542 1346 suillum
563 1305 665 1346 reeens
688 1287 847 1347 commixto
869 1287 951 1347 bene.
998 1307 1034 1345 ex

32 1377 236 1437 medicamento
265 1378 321 1437 hoc
351 1396 469 1436 omnem
499 1377 642 1436 cervicem
671 1376 772 1435 sanari
806 1379 837 1436 et
871 1371 1033 1455 pellgere‘rc

32 1483 104 1538 posse
127 1485 214 1526 senes,
878 1515 880 1519 .
966 1516 968 1520 ,

15 1567 22 1608 1
86 1556 213 1614 XXXVI
240 1556 324 1614 Idem
347 1555 372 1614 si
400 1555 503 1614 ceruix.
518 1573 540 1612 a
562 1554 679 1630 pluvia.
694 1553 922 1612 distillationem
943 1572 1033 1630 passa
1051 1553 1111 1610 570

31 1641 117 1719 luent,
145 1646 205 1704 hoc
234 1644 387 1722 intelligis.
439 1643 630 1702 tumidiorem
659 1642 803 1702 cervicem
833 1661 923 1717 quem
953 1643 1033 1718 quod

33 1736 136 1806 oportet
159 1733 289 1811 videbis,
318 1736 348 1792 et
370 1735 508 1808 putorem
531 1731 760 1790 canceratioium
783 1749 850 1789 cum
876 1731 1034 1789 humorem

32 1820 103 1898 nigro
136 1825 168 1884 et
200 1822 315 1898 liquido
352 1820 545 1896 subsequenti
575 1820 717 1880 invenies.
768 1819 857 1878 huius
886 1819 1033 1878 scmtebis

32 1908 176 1988 ferumine,
199 1931 237 1969 ne
262 1911 334 1986 quid
356 1911 482 1969 ulterius
504 1911 584 1969 inter
605 1927 711 1970 nervos
735 1908 937 1968 distillatione
949 1908 1033 1968 sinus

15 1997 116 2058 efectus
139 2001 242 2060 fuerit.
287 2018 356 2059 rere
379 1999 483 2074 eliqua
511 1997 546 2056 de
570 2017 660 2074 quam
687 1997 822 2074 pluribus
849 2015 935 2074 posse
964 2015 1034 2057 eve·

33 2085 88 2146 dere
119 2088 324 2166 expromittcs,
359 2091 389 2147 et
424 2087 510 2165 signu
543 2087 620 2146 talia
651 2087 792 2147 invenies.
852 2087 956 2145 statim
987 2087 1033 2145 in·

32 2174 109 2250 cipiet
136 2180 261 2254 pectore
291 2177 416 2237 stridere
446 2179 477 2234 et
499 2196 553 2252 per
582 2194 668 2234 neres
702 2177 858 2234 humorem
885 2175 1034 2250 liquidnm

32 2265 150 2336 proicere
173 2266 300 2342 incipiet
322 2269 353 2326 et
379 2262 499 2342 [neque]
525 2264 625 2324 eibum
646 2265 797 2324 recusabit
825 2266 856 2324 et
885 2265 1034 2341 paulatim

33 2369 139 2427 conpore
178 2355 303 2431 incipiet
338 2355 488 2414 deducere.
543 2355 574 2412 et
609 2354 688 2412 hunc
720 2355 791 2430 ergo
828 2355 870 2412 sio
906 2353 1034 2414 curabis.

15 2443 143 2514 sprendes
169 2444 258 2503 huius
284 2443 432 2502 foramina
455 2443 584 2502 calcabis
611 2444 642 2500 et
669 2461 861 2518 quaecunque
884 2442 1032 2501 foramine
1050 2443 1110 2498 571

33 2531 121 2592 subtus
144 2534 248 2591 laxare
272 2532 397 2592 curabis.
439 2531 544 2590 deinde
562 2531 746 2590 marrubium
765 2534 795 2590 et
813 2531 905 2590 selem
922 2531 955 2588 in
972 2549 1032 2589 nno

32 2623 143 2682 contuso
169 2621 289 2698 inipso
312 2621 457 2680 foramine
480 2619 610 2679 calcabis
632 2622 663 2678 et
686 2621 880 2696 quodcunque
898 2619 1033 2678 foramen

33 2708 122 2770 subtus
145 2711 251 2769 luxere
274 2710 399 2769 curabis.
436 2709 542 2768 deinde
564 2710 743 2768 traumetmo
763 2711 794 2767 et
812 2705 922 2784 'pannis
943 2707 1033 2766 lineis

33 2797 143 2858 vulnera
179 2799 319 2875 sonabis,
357 2799 492 2874 sequenti
532 2798 623 2856 etiam
657 2798 783 2873 limpide
820 2801 850 2856 et
887 2796 1034 2872 depurata

92 2956 106 3003 1
125 2967 310 3020 quascunque
327 2949 433 3005 videris
454 2949 581 3004 emittere
605 2948 770 3018 sanguinem
793 2949 856 3019 ch.
874 2947 885 3020 11
904 2952 919 3000 ὅ
938 2946 1032 3004 unito:

35 3034 91 3074 corr.
114 3023 203 3094 chl}
222 3029 236 3076 7
255 3024 349 3076 ustam
365 3026 369 3090 1
385 3021 486 3076 lesses:
506 3037 573 3076 corn.
593 3022 621 3075 B
637 3021 641 3091 1
657 3037 695 3089 eq.
714 3019 813 3073 misses
832 3021 892 3089 1111
912 3035 949 3088 sq.
969 3035 1034 3072 cum

34 3095 112 3147 musto
135 3096 145 3162 11
171 3100 203 3146 12
228 3093 281 3148 eis:
303 3109 371 3148 corr.
391 3093 420 3147 B
442 3095 451 3162 11
475 3098 508 3146 13
531 3090 698 3161 pelligerere
720 3092 730 3160 11
754 3094 787 3144 15
810 3090 873 3160 ch.
892 3090 948 3144 ΙΙΙ
965 3088 1033 3161 4311

35 3163 60 3212 19
77 3162 226 3218 distillatio
240 3165 250 3233 11
267 3169 301 3218 20
319 3180 412 3234 peuce
428 3162 494 3217 hinc
514 3162 665 3216 difficulter
683 3161 807 3215 evadunt
830 3161 892 3231 ch.
906 3163 916 3231 11
934 3166 966 3213 21
987 3177 1033 3214 ex-

34 3235 169 3296 promittes
183 3236 212 3290 B
225 3237 294 3305 (coll.
307 3237 480 3304 p.18³4,20):
501 3233 649 3304 exprimito
663 3232 722 3286 eius
737 3235 794 3302 1124
809 3248 920 3286 corcore
935 3233 940 3302 1
956 3231 1012 3285 hue·
1024 3230 1034 3302 11

35 3305 62 3354 28
79 3308 106 3359 et
122 3307 149 3360 si
166 3305 223 3360 loci
242 3305 367 3360 conditio
385 3305 522 3376 patietur,
547 3301 687 3358 diaeresin
710 3301 804 3371 debis,
828 3304 860 3356 ut
883 3302 958 3357 fores
983 3317 1035 3370 per

34 3371 138 3446 plegem
150 3377 251 3432 humor
265 3379 384 3433 emanet.
416 3375 501 3432 tertio
520 3391 631 3444 quoque
645 3373 691 3428 die
710 3373 804 3428 calida
817 3373 899 3428 urina
912 3372 1035 3441 levabis,

35 3442 124 3565 {Ieinde
147 3447 318 3502 traumutico
336 3465 387 3518 eqs.
414 3448 478 3519 ch.
500 3449 510 3517 11
537 3453 570 3500 29
593 3444 768 3503 vulnerabis:
792 3461 892 3500 sunere
915 3443 1035 3515 incipies

58 3532 105 3586 69.;
124 3519 236 3574 curubis
256 3521 284 3573 B
