2470 3902
240 202 522 259 MULOMEDICINA
541 202 709 258 OHIRONIS
727 209 868 258 iro-472
994 203 1057 267 155

41 359 160 432 septem
183 357 215 413 et
237 374 297 413 non
320 355 407 414 cadet
429 357 459 412 et
481 373 534 430 per
561 373 605 429 se,
633 356 680 412 uta'
706 354 810 412 eodem
832 354 1056 428 medicamento,

41 446 132 520 scito,
158 444 230 520 quia
253 445 284 502 in
307 443 496 502 interioribus
526 443 629 518 aliqua
657 443 789 518 corporis
819 461 889 517 pars
916 446 1057 518 corrupta

41 537 96 594 est.
145 552 181 590 ex
205 551 265 608 qua
287 533 386 592 vivere
410 551 470 591 non
492 532 601 608 possit,
628 532 680 589 sed
707 531 803 609 magis
826 534 943 606 tempus
966 532 1055 591 ducit.

42 622 199 682 adurenda
223 624 311 680 erunt
332 622 405 680 haec
427 621 504 681 vitia
531 624 665 696 tempore
688 620 766 679 bono
789 640 857 680 vere
881 622 911 678 et
934 623 1056 678 aestate.

21 726 30 765 5
110 711 212 770 XXVI
225 711 273 769 Dc
286 711 486 769 musculorum
503 710 667 768 vexatione.
699 709 818 784 siquod
835 709 1000 767 iumentum
1019 710 1056 767 ab
1075 707 1134 764 470

41 801 181 876 utrisque
212 799 353 858 musculis
384 799 553 876 vexabitur,
586 799 638 874 qui
670 798 795 858 subiecti
827 800 897 856 sunt
927 797 1057 872 renibus,

42 891 133 966 signa
152 888 242 946 huius
261 890 349 946 erunt
365 889 453 946 haec.
468 933 475 945 .
491 888 532 946 .si
550 887 730 946 dexteriores
748 887 868 961 fuerint,
891 886 967 944 nihil
985 886 1057 944 mali

42 981 98 1038 est.
130 977 183 1036 sed
206 977 232 1036 si
256 977 469 1036 sinisteriorem
490 979 609 1052 partem
631 976 739 1035 cadens
767 975 951 1052 subcumbet,
981 975 1058 1050 opti-

41 1087 129 1126 mum
153 1068 281 1124 estnon
303 1085 420 1125 morere
442 1065 529 1123 illum
556 1066 722 1123 iumentum
750 1065 786 1123 dc
813 1065 887 1123 loco.
921 1063 1058 1139 quotiens

11 1171 30 1210 ro
42 1155 196 1230 ceciderit,
218 1154 394 1231 perfundere
413 1173 481 1213 enm
500 1173 578 1230 aqua
596 1153 708 1230 frigida
731 1156 761 1212 et
780 1154 839 1212 alio
858 1154 923 1212 loco
942 1153 1057 1211 unctio-

41 1245 134 1304 nibus
158 1245 212 1302 uti.

113 1331 231 1391 XXVII
248 1331 293 1390 De
316 1333 371 1408 his,
394 1332 446 1408 qui
469 1332 644 1409 sanguinem
667 1330 852 1389 adsellantur
869 1331 917 1391 vel
940 1331 1058 1389 meient
1078 1329 1134 1385 471

43 1424 71 1481 si
103 1421 185 1498 quod
214 1421 380 1479 iumentum
409 1420 585 1498 sanguinem
612 1419 882 1479 adscllaverit.vel
911 1420 1059 1494 minxerit,

44 1513 90 1570 sic
108 1530 180 1568 eum
199 1510 326 1569 curabis.
364 1509 517 1588 sanguinis
540 1509 754 1568 detractionem
776 1508 867 1566 facies
891 1508 926 1566 de
948 1509 1059 1584 superi·

11 1615 32 1653 15
45 1600 94 1658 ori
117 1617 196 1658 vena
220 1601 250 1656 et
272 1599 425 1674 potionem
448 1598 532 1657 dabis
553 1598 638 1656 hanc.
685 1597 811 1655 affodilli
838 1597 968 1655 radicem
991 1616 1059 1656 oon-

45 1693 126 1746 teres
156 1687 219 1746 vini
251 1687 311 1746 albi
344 1688 438 1746 dulcis
465 1687 574 1746 cotulis
601 1686 729 1762 duobuS,
760 1685 852 1744 facies
879 1687 995 1760 autem,
1022 1706 1059 1743 nc

45 1778 138 1835 nimis
162 1777 265 1835 vinum
288 1776 405 1835 adicies.
451 1776 598 1852 posthoc
620 1776 713 1834 uteris
736 1775 834 1832 farina
856 1774 970 1832 triticia
992 1793 1059 1833 cum

47 1867 137 1942 adipe
162 1865 251 1924 suillo
275 1867 304 1923 et
327 1865 400 1923 mali
428 1865 547 1942 granod
574 1864 694 1924 corium.
740 1882 776 1922 ea
803 1862 903 1921 omnia
926 1862 958 1920 in
981 1881 1059 1938 aqua

46 1956 100 2012 diu
124 1954 279 2029 decoques,
303 1954 354 2012 sed
376 1953 439 2012 noli
461 1972 594 2013 crassum
615 1954 721 2011 facere.
762 1954 878 2011 coctam
901 1951 989 2011 simul
1007 1971 1060 2026 per

12 2055 34 2095 a
47 2063 81 2102 os
104 2042 252 2102 infundes.
298 2043 336 2101 ab
363 2042 616 2101 ambulationibus
646 2044 677 2100 et
705 2041 840 2100 cursibus
870 2061 938 2100 eum
968 2041 1058 2099 absti-

46 2135 117 2191 neto
153 2134 275 2207 propter
307 2132 539 2208 glutinationem
571 2149 677 2205 venae,
722 2127 786 2206 [et]
821 2149 897 2205 quae
935 2129 1059 2189 interius

46 2220 220 2296 ruptionem
242 2239 331 2296 passa
354 2223 408 2279 est.
452 2222 509 2280 hoc
535 2220 615 2278 enim
638 2219 786 2296 contingit
809 2219 848 2277 ad
871 2237 988 2278 cursum
1011 2219 1060 2278 vel

48 2310 174 2384 saltum,
201 2312 237 2368 ut
258 2327 335 2368 vena
357 2309 482 2368 interius
510 2309 693 2368 subdossana
719 2308 889 2384 ruptionem
916 2308 1060 2383 patiatur,

49 2401 80 2455 et
102 2398 172 2456 inde
190 2399 247 2457 hoc
269 2398 377 2457 vitium
405 2398 585 2474 concipiunt.
632 2397 712 2472 quod
740 2397 856 2456 curabis
884 2397 971 2455 rebus
1000 2397 1059 2455 col·

14 2497 37 2535 25
50 2486 164 2546 lecticis
187 2490 218 2545 et
247 2486 386 2562 stipticis,
416 2489 447 2544 et
476 2489 591 2563 curato,
621 2505 657 2543 ne
686 2486 796 2562 algeat.
842 2485 890 2544 cui
919 2488 949 2543 et
972 2504 1060 2561 super
1078 2483 1136 2539 472

49 2594 134 2633 renes
175 2575 360 2634 anacollcma
402 2575 537 2651 impones
591 2575 661 2634 hoc:
715 2574 820 2633 bulbos
857 2593 978 2631 numero
1027 2574 1059 2647 V,

51 2664 159 2722 coclias
197 2683 320 2723 numero
356 2664 394 2739 V,
428 2683 485 2723 ova
516 2683 639 2722 numero
669 2663 706 2737 V,
739 2662 885 2740 argallicu
918 2680 940 2741 p
974 2661 1059 2719 libra.

52 2751 125 2812 haec
148 2754 249 2812 omnia
270 2753 344 2811 bene
372 2752 446 2810 trita
473 2753 506 2811 in
536 2771 566 2811 se
596 2753 740 2811 admisces
765 2754 796 2810 et
824 2770 860 2808 ex
884 2769 918 2809 co
941 2750 1060 2808 renibus

53 2839 186 2916 imponis.
232 2842 289 2901 hoc
321 2842 395 2900 facit
425 2844 455 2900 et
486 2841 529 2900 eis
558 2841 611 2917 qui
639 2859 724 2899 renes
751 2838 886 2914 volserit,
919 2838 1007 2897 simul
1031 2841 1061 2896 et

14 2937 41 2976 ³0
55 2928 103 3004 eis,
125 2931 232 3006 quibus
254 2950 308 3006 per
330 2948 417 3000 nares
436 2930 558 3008 sanguis
571 2929 672 2989 venire
695 2929 779 2987 solet.
817 2928 859 2987 sic
883 2927 924 2986 eis
944 2946 1059 2986 succur-

54 3035 111 3076 res:
132 3019 327 3079 fovitionibus
350 3019 467 3096 frigidis
490 3019 587 3096 magis
613 3014 616 3096 Ι
643 3036 734 3093 posca
757 3017 799 3075 eis
822 3019 915 3092 caput
937 3016 1059 3091 fovebis²
1085 3016 1184 3076 132‘b
1233 3019 1234 3094 l

54 3103 160 3166 habeat
182 3109 276 3167 salem
295 3108 458 3183 modicum,
482 3110 513 3166 et
536 3110 652 3183 curato,
676 3109 711 3164 ut
733 3105 821 3164 nimis
845 3124 923 3181 aqua
947 3105 987 3163 sit
1008 3105 1060 3163 fri·
1233 3099 1234 3104 '

58 3251 264 3266 ‘'fi-uu·-

128 3355 142 3401 1
164 3365 215 3418 per
232 3365 263 3402 se
288 3349 332 3402 ut:
358 3349 519 3418 perseverat
537 3348 565 3400 B
590 3349 598 3416 l
623 3343 795 3398 linteribus
817 3347 826 3414 l
850 3351 865 3399 5
889 3345 952 3415 ch.
975 3345 1058 3417 Vll

58 3411 96 3468 De
113 3420 208 3474 addidi
226 3423 235 3485 l
250 3425 283 3472 12
307 3419 370 3489 ch.
394 3419 421 3472 V
436 3425 454 3473 9
467 3421 477 3488 ΙΙ
491 3423 524 3472 15
547 3416 667 3472 affodilli
682 3443 715 3462 =
730 3415 877 3486 asphodeli
890 3419 900 3484 ll
915 3422 947 3470 18
967 3415 1060 3486 grani:

59 3499 121 3541 corr.
145 3491 203 3562 ch.
226 3493 237 3561 l
260 3494 294 3544 25
321 3489 446 3560 scipticis
473 3491 477 3559 l
508 3487 652 3542 curatione
678 3486 775 3557 algeat
796 3490 806 3558 ΙΙ
834 3494 867 3542 26
895 3487 921 3542 V
948 3505 1007 3558 epo:
1035 3487 1061 3556 I;

61 3551 80 3606 L
100 3559 226 3632 7191127
246 3561 272 3613 V
289 3561 398 3630 scripsi:
417 3562 452 3630 ΙΙΙ
467 3567 499 3613 31
515 3558 699 3612 fobitionibus
