2470 3902
220 175 502 230 MULOMEDICINA
521 174 690 230 CHIRONIS
710 181 850 230 sos—359
976 173 1039 237 109

57 343 98 381 rou
116 327 212 400 potest
234 329 264 384 et
287 325 389 384 album
412 325 533 402 sputum
554 325 683 384 remittit
708 327 857 385 insuetum
884 328 914 382 et
937 325 1041 382 alieni·

55 433 148 488 genum.
191 415 264 472 haec
288 415 374 492 signa
397 417 475 488 sunt,
500 433 575 490 quae
599 415 734 473 adferent
757 415 951 473 elefantiotes.
994 413 1042 471 cui

54 521 199 561 succurrere
230 522 317 562 nemo
348 523 383 562 ex
414 522 474 561 una
501 524 532 561 re
564 506 677 579 potest,
709 523 776 562 cum
807 504 866 562 ista
897 503 983 579 signa
1011 521 1041 561 se

53 591 222 650 ostenderint.
267 593 309 651 sic
334 611 450 667 quoque
479 593 559 651 solus
587 593 643 651 sibi
670 593 825 668 separatus
853 591 939 649 debet
962 594 1041 650 stare

34 678 107 739 slecis
123 682 239 740 seeretis
258 683 289 740 et
311 681 483 740 tenebrosis.
529 675 621 758 inita
643 683 732 740 inane
755 680 874 740 debebis
897 680 1039 738 adcuran-
1058 678 1117 734 356

51 767 106 826 dum
127 789 193 828 cum
214 769 301 829 rebus
325 788 420 845 aquae
444 769 559 828 calidae
587 771 701 830 cotulas
724 770 755 827 11
781 775 809 828 et
831 769 904 827 nitri
927 769 1041 826 contusi

50 858 213 918 ualidissime
240 859 413 916 minutatim
439 859 584 918 coclearia
611 859 669 934 HI,
704 859 783 935 qnod
814 858 984 917 commisces
1011 856 1043 913 in

50 947 120 1004 calda
146 950 176 1006 et
204 947 268 1006 oleo
296 948 385 1006 viridi
413 948 506 1006 ciatos
534 951 602 1007 tres.
647 949 720 1006 haec
744 949 843 1006 omnia
865 947 960 1003 mixta
983 944 1043 1004 suf-

49 1034 138 1094 fundes
164 1056 217 1112 per
244 1055 331 1096 nares
358 1036 488 1110 assidue,
516 1036 607 1095 donec
631 1055 736 1096 sanum
758 1036 817 1094 fiet.
864 1035 1045 1093 dictumest

24 1127 134 1182 cautem
156 1126 187 1183 in
205 1126 261 1184 hoc
279 1126 387 1183 uitium
409 1125 508 1184 facere
530 1120 588 1203 'sin
611 1126 714 1183 vinum
737 1127 896 1198 cervinum,
926 1143 962 1182 ex
985 1140 1043 1197 quo

49 1213 147 1273 radices
169 1215 310 1272 minutim
331 1214 475 1273 miscebis.
512 1234 548 1272 ex
565 1215 622 1272 hoc
644 1216 744 1273 evenit
768 1233 873 1273 sanum
890 1213 963 1271 lieri.

102 1301 198 1360 XXIV
219 1303 265 1360 De
289 1303 443 1378 eruptione
466 1302 552 1362 vulsi.
598 1304 623 1362 si
643 1304 722 1378 quod
742 1303 908 1361 iumentum
926 1301 1044 1360 vulsum
1062 1299 1118 1354 357

48 1389 133 1466 luerit,
155 1392 242 1468 signa
266 1393 353 1449 erunt
374 1392 455 1450 haec.
492 1392 745 1468 stranguriabitur
770 1389 840 1467 [iter
862 1388 904 1466 et]
931 1407 1045 1448 excrea-

48 1477 137 1554 bitque
162 1480 369 1556 purulentum,
398 1484 427 1538 et
453 1481 590 1556 quotiens
612 1481 766 1540 volutatus
797 1481 900 1555 fuerit,
928 1497 958 1538 sc
985 1497 1046 1536 non

20 1586 39 1626 15
49 1569 207 1642 revolvitur,
230 1588 285 1628 nec
308 1570 437 1628 excutiet
459 1589 498 1628 se.
545 1570 651 1644 quodsi
672 1588 773 1628 recens
796 1569 899 1643 fuerit,
927 1567 1046 1644 sangui·

49 1675 104 1714 nem
122 1657 279 1716 excreabit.
320 1658 485 1733 periculum
502 1659 639 1734 promitti
658 1658 784 1716 debebit.
830 1657 982 1715 curabitur
1005 1655 1046 1713 sic

50 1745 102 1803 cibo
124 1748 185 1805 levi
208 1748 238 1804 et
260 1747 334 1821 leni3
362 1748 454 1804 etiam
482 1747 742 1806 exercitationibus
765 1746 896 1804 desinere
920 1744 1046 1820 oportet.

18 1843 23 1852 '
49 1836 188 1906 potionem
211 1835 295 1894 dabis
323 1836 429 1894 talem:
461 1837 557 1895 thuris
584 1837 710 1896 masculi
732 1847 823 1922 p÷,
853 1835 955 1910 opium
976 1831 1047 1920 pa,

50 1922 227 1999 eliotropium
245 1938 337 2012 ἐπ’,
361 1926 441 1999 quod
457 1944 511 1984 nos
532 1925 669 1982 intubum
688 1927 835 2002 agrestem
854 1923 1048 1999 appellamus

20 2015 121 2072 arctae
149 2013 328 2072 tantundem
358 2033 425 2072 cum
446 2014 516 2072 vino
541 2017 658 2072 austero
686 2014 831 2073 mensuris
854 2013 964 2071 Atticis
985 2012 1049 2070 ΠΠ

48 2099 190 2160 infundere
212 2103 245 2160 in
267 2102 400 2180 singulos
424 2102 495 2176 dies,
518 2102 610 2160 donec
633 2103 758 2161 desinat.

101 2190 185 2248 XXV
206 2191 252 2249 De
274 2192 416 2267 plectora.
453 2192 478 2250 si
497 2191 576 2266 quod
594 2192 759 2249 iumentum
777 2210 795 2249 a
812 2192 946 2267 plectora
964 2191 1046 2249 labo·
1065 2187 1123 2243 358

48 2278 128 2354 rabit,
151 2281 238 2356 signa
260 2283 348 2338 erunt
369 2280 451 2338 haec.
496 2279 547 2337 ubi
569 2279 637 2354 plus
662 2280 800 2355 ebiberit,
823 2283 914 2356 caput
937 2280 1049 2339 emittit

50 2368 74 2422 et
100 2388 186 2444 super
223 2370 348 2442 emittit,
385 2370 537 2428 oscitatur.
590 2370 711 2427 ordeum
754 2373 855 2428 autem
896 2370 921 2428 si
960 2369 1048 2427 nimis

22 2455 197 2532 crediderint,
223 2458 265 2516 sic
287 2456 446 2534 intelliges.
492 2458 618 2516 caudam
640 2459 720 2516 inter
742 2477 771 2517 se
800 2457 991 2533 complicabit
1019 2460 1049 2514 et

51 2545 182 2605 tremulus
211 2547 269 2604 erit
295 2547 326 2604 in
355 2565 449 2605 cursu.
494 2547 545 2622 qui
573 2548 618 2606 est
645 2546 786 2621 deterior,
818 2548 844 2606 si
871 2547 1049 2605 cruditatem

52 2636 172 2693 senserit.
217 2635 291 2693 haec
324 2635 366 2694 sic
398 2636 549 2713 cognoscis
579 2635 583 2708 1
613 2635 650 2692 ab
682 2633 789 2694 itinere
821 2655 889 2692 eum
920 2633 1172 2693 calidum125'a

52 2719 182 2781 hordeum
209 2724 298 2783 nimis
326 2724 418 2784 edisse
446 2727 476 2782 et
504 2743 564 2782 non
595 2725 742 2802 digestum
771 2743 840 2783 esse.
888 2743 976 2798 quem
1008 2721 1049 2780 sic

53 2827 205 2886 cognosces.
252 2813 372 2872 sudabit
399 2815 430 2871 et
455 2813 603 2888 prioribus
636 2815 726 2872 armis
757 2813 901 2890 inligatus
931 2811 988 2869 erit
1019 2807 1126 2868 essse

115 2969 129 3016 5
154 2963 252 3018 ceteris
269 2965 273 3034 1
289 2963 380 3018 vitare
399 2963 506 3018 lumina
525 2971 575 3019 oct
592 2963 763 3018 bituminare
779 2965 806 3018 B
822 2966 826 3033 1
842 2979 880 3032 sq.
896 2962 933 3015 ad
951 2977 1049 3016 curan-

53 3031 112 3086 dum
128 3051 189 3088 eum
207 3033 335 3108 (dabis)
353 3035 451 3104 Β1110
471 3034 562 3089 facem
578 3036 581 3104 1
599 3035 652 3106 [in]
670 3035 767 3089 vinum
785 3034 955 3104 genuinum?
972 3033 1049 3104 <me-

53 3101 170 3178 dullam>
188 3105 348 3160 cervinam?
370 3105 517 3187 inguinum
535 3107 564 3174 (i.
584 3125 605 3160 e.
629 3106 743 3175 inguen)
767 3104 909 3160 cervinum
932 3104 970 3156 M
973 3127 979 3171 ς
1004 3119 1051 3157 ve-

54 3189 147 3229 nenum
165 3176 307 3232 cervinum
326 3183 376 3231 out
392 3176 521 3230 lrxivium
539 3184 588 3231 out
606 3177 635 3230 in
653 3177 750 3231 vinum
768 3175 912 3248 <infusum
931 3175 1052 3228 cinerem

54 3247 177 3320 comum>
203 3247 347 3302 cervinum
366 3249 393 3302 B
416 3251 424 3318 11
448 3254 480 3301 12
509 3248 571 3318 ch.
596 3248 667 3301 1⁷41
696 3247 699 3319 1
727 3245 842 3316 quodsi:
868 3247 1025 3315 transposui
1042 3245 1052 3317 11

55 3321 84 3366 13
99 3318 328 3390 stranguilabitur
343 3321 346 3388 1
363 3317 417 3372 iter
435 3324 475 3373 et:
496 3320 595 3372 stertet
608 3319 644 3386 B,
661 3319 695 3385 cf.
709 3336 739 3387 p.
753 3322 816 3384 112,
825 3321 863 3372 22
880 3316 884 3390 1
904 3315 1051 3370 exoriabit-

54 3390 124 3456 quen
137 3395 167 3442 14
185 3407 218 3444 ex
235 3392 238 3459 Ι
256 3388 281 3444 si
294 3392 304 3458 11
319 3395 351 3442 18
370 3391 408 3444 nd
426 3389 521 3460 opium
539 3391 570 3442 in
588 3406 674 3458 marg.
691 3390 882 3443 cora-:ada
897 3387 907 3459 11
922 3394 954 3441 19
964 3388 1049 3459 quosl

53 3455 169 3513 intubem
194 3464 203 3530 11
231 3467 264 3514 22
294 3460 331 3514 Vc
351 3504 356 3514 .
380 3461 462 3514 1143
488 3463 497 3530 11
525 3466 558 3513 23
583 3466 609 3514 et
630 3465 664 3512 24
686 3459 827 3513 demittit?
844 3459 854 3530 11
877 3464 910 3510 24
930 3458 1051 3512 emittito

55 3527 162 3584 scitatur
174 3535 183 3602 11
196 3539 230 3586 25
250 3477 431 3600 complicavit
444 3535 453 3602 11
468 3537 501 3585 28
520 3527 644 3584 dedisse:
664 3529 804 3584 edidisse?
