2474 3910
232 164 515 221 MULOMEDIOINA
533 165 703 222 OHIRONIS
722 173 860 223 727-731
985 165 1048 230 227

50 318 111 374 tunc
134 315 192 391 ita,
224 318 259 374 ut
289 316 403 376 radices
430 316 533 395 tollas,
561 319 591 375 et
620 318 748 376 alterum
778 318 949 377 testiculum
970 318 1050 376 idem

49 403 140 463 facies.
196 403 301 464 deinde
337 405 473 465 miscebis
504 405 597 464 salem
633 409 664 464 et
696 406 822 465 cinerem
854 410 885 466 et
915 408 946 465 in
978 407 1048 467 vino

48 493 183 552 77717777
206 513 240 552 ex
263 513 298 552 eo
320 494 351 552 in
371 493 505 553 folliculo
526 494 634 553 mittes.
671 495 727 554 boo
747 495 838 554 facies
860 498 890 553 et
909 494 1049 556 fasciabis

48 582 215 640 iumentum.
257 583 310 641 sub
332 600 454 659 vespere
477 582 591 642 lavabis
614 578 768 662 plagam!
793 604 830 641 77
852 586 952 642 tumor
973 585 1049 643 inse·
1070 584 1171 644 145vb

28 674 152 745 equatur
183 673 237 730 aut
268 671 389 748 sanguis
422 671 529 731 manet.
579 672 723 747 postridie
753 672 899 732 relaxabis
933 673 1049 734 7777777.
1070 673 1124 730 727

47 760 67 816 71
87 759 201 819 videris
223 760 398 837 sanguinem
419 779 480 819 nou
503 778 654 834 emanare,
677 761 785 820 solvito
808 781 876 820 eum
901 762 931 819 et
955 761 1051 836 picem

46 848 188 924 liquidam
207 849 315 908 sumito
335 852 445 908 etcum
459 849 524 907 oleo
539 850 727 909 commisceto
746 853 776 909 et
795 850 826 908 in
846 868 912 908 7777
929 849 1051 927 plagam

46 938 148 996 coicito
174 939 206 996 et
228 955 316 1013 super
342 956 427 997 renes
457 940 592 998 saturato
615 938 680 997 oleo
711 940 741 996 et
769 939 834 1014 pice
862 939 992 1014 liquida,
1023 942 1051 996 et

45 1043 167 1101 peroras
189 1027 361 1102 persaepius
383 1027 479 1103 pilum
502 1029 533 1085 et
560 1045 656 1086 neres.
701 1028 763 1086 noli
792 1027 857 1102 pati
886 1027 1050 1086 iumentum

16 1116 170 1173 7777177777
204 1115 369 1190 ambulare,
396 1115 488 1174 donec
520 1133 624 1174 sanum
655 1115 717 1174 fiet.
764 1119 794 1175 et
825 1116 951 1176 calidum
983 1135 1050 1174 eum

44 1204 149 1263 babere
176 1205 243 1263 toto
271 1221 406 1280 corpore,
434 1205 555 1263 777177
578 1207 609 1262 et
630 1205 726 1263 thuris
749 1205 860 1280 polline
883 1205 1049 1282 perungitor

44 1313 75 1351 ue
102 1293 180 1352 adeo
214 1293 387 1371 dirigescat,
419 1311 491 1371 sago
524 1311 592 1352 eum
622 1293 750 1371 operito,
781 1312 874 1369 usque
906 1294 978 1352 dum
1004 1311 1050 1352 sa·

44 1402 110 1440 num
132 1381 198 1440 fiat.

106 1469 164 1530 011
193 1469 225 1528 si
252 1470 300 1529 oui
328 1469 460 1528 iumento
489 1488 591 1528 ramex
619 1473 691 1528 nata
720 1469 826 1544 fuerit,
856 1471 897 1530 sic
925 1471 1049 1530 curabis.
1070 1469 1125 1526 728

14 1559 127 1619 abuius
152 1559 291 1635 prendito
313 1559 493 1634 folliculum,
524 1558 644 1634 qualem
673 1558 705 1617 in
732 1559 880 1617 sarcinam
906 1560 1051 1620 inclinata

45 1652 97 1724 est,
121 1652 155 1707 et
176 1648 304 1724 premito
328 1651 358 1706 et
380 1647 483 1706 addito
505 1647 641 1721 fibulam,
663 1647 759 1725 religa
780 1646 854 1706 bene
877 1650 907 1705 77
929 1648 1050 1707 madida

44 1741 123 1796 aceto
157 1739 189 1796 77
221 1736 301 1796 nitro
334 1739 365 1795 et
394 1736 502 1795 ibiscos
533 1737 637 1811 777777,
667 1735 791 1794 fibulam
819 1735 934 1811 77171777,
971 1755 1050 1811 aqua

43 1826 153 1904 bigida
170 1826 278 1885 vulnus
297 1828 328 1884 et
345 1825 464 1883 flemina
482 1827 594 1900 777777,
619 1827 650 1883 77
666 1825 881 1884 medicamento
900 1824 1049 1902 subligato

43 1915 139 1990 ipsum
162 1914 271 1990 locum,
294 1913 387 1973 donec
410 1930 515 1972 sanum
537 1913 598 1972 fiat.

12 2019 33 2061 77
106 2003 180 2062 ΟΠΙ
204 2003 236 2061 Si
258 2003 306 2061 cui
331 2003 464 2062 iumento
490 2003 601 2061 fluxum
629 2001 781 2080 sanguinis
809 2006 935 2061 statuere
957 2002 1050 2077 77177,
1069 2001 1124 2058 722

42 2092 94 2152 hoc
117 2092 336 2150 medicamento
358 2091 464 2150 uteris:
486 2091 663 2150 ammoniaci
687 2093 774 2169 gutta
796 2092 894 2167 pondo
915 2092 945 2167 5,
968 2091 1049 2167 porri

43 2181 258 2241 sectivi...sio
280 2197 347 2239 cum
370 2181 456 2240 777777
479 2179 522 2238 VI
544 2181 576 2238 in
597 2199 657 2238 uuo
681 2180 890 2241 commiscebis.

106 2269 177 2330 GIV
202 2267 234 2326 Si
257 2268 336 2344 quod
358 2268 522 2328 iumentum
539 2272 690 2328 veretrum
712 2268 881 2328 submiserit
899 2272 929 2327 77
947 2269 1049 2344 aliqua
1068 2267 1124 2324 730

43 2358 72 2416 in
103 2378 140 2418 eo
173 2375 329 2434 percussus
360 2358 463 2433 fuerit,
495 2358 570 2417 scias
603 2377 670 2416 eum
702 2376 841 2417 revocare
872 2375 932 2416 non
954 2375 1048 2433 posse.

10 2448 220 2506 succuram.
266 2447 362 2522 primo
389 2447 475 2505 calda
501 2446 677 2506 cervenacio
705 2446 820 2515 foveto,
850 2445 954 2504 deinde
982 2445 1048 2504 oleo

41 2536 71 2592 in
90 2535 154 2596 sole
174 2535 335 2594 calfactum
352 2535 475 2609 fovebis,
499 2535 634 2610 sequenti
653 2551 746 2610 acopo
764 2537 913 2594 veretrum
931 2533 1048 2611 subigas

43 2627 71 2682 77
99 2625 180 2684 17717
211 2622 350 2683 obvolves
382 2626 413 2682 et
440 2623 673 2698 superfasciabis.
724 2623 839 2683 curabis
868 2625 981 2697 777777,
1011 2641 1048 2680 77

42 2714 187 2787 pendeat:
225 2713 264 2771 771
291 2716 425 2772 ventrem
452 2711 642 2790 substringes.
699 2713 824 2788 septimo
856 2729 970 2787 quoque
1001 2710 1048 2768 die

43 2803 128 2861 calda
146 2802 324 2862 7777777777
340 2801 414 2860 bene
432 2802 530 2874 sotum
547 2803 697 2861 veretrum
717 2798 817 2878 [ipse],
835 2801 867 2858 in
885 2799 1048 2859 folliculum

9 2890 140 2965 scipsum
163 2894 313 2950 veretrum
335 2889 469 2964 subicies,
493 2892 524 2948 et
550 2893 653 2948 contra
680 2909 748 2948 eum
775 2889 961 2967 spongiolam
989 2887 1048 2947 771-

43 2979 111 3038 darn
133 2979 232 3056 religa
254 2979 305 3054 sic,
327 2999 364 3037 ne
386 2978 538 3054 procidere
560 2978 664 3054 possit.
701 2978 726 3036 si
749 2995 854 3036 sanum
876 2997 936 3037 nou
958 2975 1122 3035 1777717781

43 3070 73 3124 77
105 3068 292 3144 propendens
325 3069 476 3127 veretrum
505 3066 640 3141 habebit,
676 3067 717 3124 sic
752 3067 876 3125 curabis.
922 3067 1048 3142 depones

114 3238 265 3290 57777777
293 3237 297 3307 l
316 3238 391 3359 1poet
409 3234 499 3304 pridie
530 3238 539 3306 ΙΙ
571 3236 639 3289 sut
655 3236 770 3304 perurat
800 3237 810 3304 ΙΙ
842 3239 875 3287 10
894 3233 1043 3302 addituml

44 3313 77 3360 15
96 3307 223 3375 qualem:
242 3323 299 3374 qua
336 3306 427 3360 emine
445 3306 556 3360 sarcina
573 3308 601 3360 Β
620 3308 629 3376 ΙΙ
653 3310 685 3360 16
703 3305 818 3359 madido
836 3307 845 3375 ΙΙ
869 3309 901 3357 17
921 3304 1022 3359 ciberis

44 3383 78 3431 20
94 3381 219 3432 77777777
233 3380 243 3446 l}
257 3383 290 3431 22
304 3377 334 3431 in
351 3377 435 3432 vino?
449 3379 458 3448 ΙΙ
472 3382 506 3431 25
519 3375 708 3431 777777777777
721 3379 731 3445 l
744 3382 778 3431 26
793 3374 938 3444 sequentia
956 3392 1026 3444 copo

43 3454 78 3502 27
93 3451 219 3503 ttamen?
233 3451 242 3518 ΙΙ
256 3455 290 3502 29
300 3450 392 3502 totum
408 3449 412 3519 l
427 3448 501 3518 ipse:
515 3447 570 3502 ibis
580 3448 608 3501 B
623 3450 627 3518 Ι
644 3445 798 3502 folliculum
812 3450 867 3518 1731
882 3463 968 3516 sopra
978 3451 1034 3501 680

43 3525 78 3572 32
97 3520 271 3590 perpendens

838 3606 890 3660 15·
