2512 3906
180 165 223 226 26
388 162 670 218 MULOMEDIOINA
689 162 857 219 CHlRONlS
877 167 981 217 74-76

178 313 304 373 oculum.
351 313 376 372 si
403 313 512 372 videris
544 333 611 372 eam
640 314 753 374 moveri
786 313 871 390 quasi
898 314 934 371 de
961 314 1055 372 latere
1081 313 1190 372 leviter
1237 335 1238 338 ¹

177 404 209 460 et
227 402 380 479 colligere,
403 403 476 462 scies
500 422 566 462 eam
588 421 673 478 posse
696 403 758 461 iam
780 403 881 480 pungi.
929 422 1016 478 quem
1039 403 1081 461 sic
1106 421 1189 461 cura-

177 490 231 548 bis.
278 491 426 550 abstineto
453 493 619 550 iumentum
651 494 719 550 ante
747 492 843 567 pridie
876 510 967 567 quam
993 492 1123 567 plurime
1153 491 1189 549 ab

178 598 270 657 aque,
303 582 334 638 et
365 580 464 640 elidito
497 601 563 639 eum
595 584 629 640 tre
660 583 718 640 loco
748 582 835 640 molli.
880 581 972 639 lecito
1005 582 1098 656 ceput
1128 580 1188 638 eius

178 686 267 744 super
293 670 435 729 cervicale
465 670 539 728 bene
571 672 779 746 componetu13
812 670 929 730 oculum
956 668 1038 727 illius
1071 669 1220 745 aperias⁵

178 777 214 816 ex
237 757 350 816 duobus
373 759 653 836 tyflodiplangistris
676 759 724 818 vel
746 779 800 834 per
820 759 1065 817 obtahnostatum
1088 759 1115 817 si
1138 757 1188 816 ha·

178 846 284 904 bueria.
330 847 387 922 fac,
409 849 445 905 ut
467 848 570 906 oculos
593 848 656 906 eius
679 850 785 924 patens
808 847 925 907 cludere
949 865 980 905 se
1003 867 1063 906 non
1084 847 1187 922 possit.

123 931 160 990 74
178 935 283 994 deinde
306 937 522 1011 paracentesim
549 937 675 1013 pungito
703 937 735 995 in
760 937 825 1012 ipso
854 936 1017 1011 albumine,
1048 934 1187 1012 [pungite

178 1025 209 1082 in
237 1022 331 1101 ipso],
365 1025 444 1100 quod
473 1027 518 1083 est
550 1025 587 1083 ab
609 1025 676 1100 ipsa
702 1026 814 1100 fronte,
847 1027 877 1084 et
904 1025 1035 1102 subigito
1062 1024 1187 1083 ulterius

176 1113 456 1188 paracentetcrium,
487 1114 533 1172 ita
559 1116 595 1172 ut
622 1115 702 1172 inter
728 1115 845 1173 tunicas
873 1113 999 1172 subicias
1027 1114 1107 1172 inter
1141 1131 1185 1170 ra·
1199 1125 1217 1163 1⁰

177 1203 299 1279 goiden3
330 1202 443 1279 videto,
476 1223 512 1260 ne
545 1203 693 1278 pupillam
724 1205 839 1281 tangas.
897 1221 967 1261 suen
1003 1203 1083 1260 enim
1115 1203 1186 1260 haec

177 1291 344 1366 ypochyma
364 1290 464 1365 posita
489 1293 542 1369 est,
567 1311 657 1367 quam
675 1292 780 1367 capulo
804 1291 1016 1368 paracentcteri
1035 1292 1186 1367 depromes
1238 1303 1239 1342 l

178 1380 309 1438 diossum
330 1397 433 1438 versus
456 1380 495 1438 ed
517 1381 692 1456 palpebrum
715 1399 816 1441 versus
838 1380 1010 1439 inferiorem
1028 1380 1185 1452 subtiliter,

177 1488 213 1524 ne
238 1467 304 1542 quit
325 1467 451 1526 ulterius
474 1469 584 1528 laedas.
630 1471 656 1528 si
683 1488 713 1528 sc
741 1469 989 1544 commodaverit,
1015 1469 1076 1527 cito
1099 1486 1185 1544 pera·
1238 1479 1239 1484 ’

177 1556 366 1615 conteterium
393 1557 456 1616 noli
479 1561 617 1635 eximere,
647 1558 705 1618 nisi
732 1559 815 1635 prius
844 1558 963 1617 oculum
990 1558 1105 1617 clusum
1137 1564 1216 1632 pe-15

176 1645 278 1704 nicillo
305 1646 389 1705 coldo
420 1647 471 1704 diu
500 1648 699 1723 vaporaveris.
750 1647 827 1706 solet
860 1647 939 1705 enim
967 1647 1090 1705 resalire
1121 1646 1184 1704 loco

16 1775 17 1778 η
123 1733 159 1790 vt
178 1752 239 1794 suo.
293 1753 382 1810 quam
409 1755 510 1795 rursus
537 1737 646 1794 iterum
673 1736 842 1812 repremito‚
875 1735 967 1794 donec
1000 1754 1030 1794 sc
1058 1737 1185 1794 diossum

177 1824 344 1882 commodet
367 1826 397 1882 et
419 1844 479 1883 non
501 1826 632 1884 resoliat.
679 1824 758 1900 quod
782 1825 806 1884 si
829 1825 946 1883 tardius
969 1843 999 1882 se
1019 1823 1184 1883 commoda-

175 1913 254 1972 verit
280 1931 334 1971 nec
361 1931 421 1972 non
447 1915 583 1991 resaliat,
617 1933 684 1972 cum
710 1914 820 1973 videris
852 1913 984 1989 pupillae
1017 1913 1185 1972 claritatem

176 2001 238 2059 sine
279 2001 342 2059 ulla
377 2003 535 2076 ypochima
578 2003 728 2078 obstante,
767 2003 875 2061 eximes
919 2002 1215 2077 paracenteceriumo

46 2088 153 2150 109¹b
180 2087 315 2164 [eximes]
339 2082 343 2170 Ι
364 2092 394 2148 et
411 2090 544 2150 invenies
562 2111 630 2149 eum
642 2091 751 2150 videre.
782 2091 898 2150 curabis
917 2091 967 2150 sic.
1007 2091 1184 2150 anacollima

176 2198 212 2236 ex
243 2177 308 2237 oleo
341 2197 425 2238 roseo
458 2181 489 2237 et
518 2181 568 2239 ovi
600 2180 713 2257 album,
745 2180 847 2238 lanam
879 2179 1003 2239 satiabis
1037 2183 1068 2238 et
1099 2195 1184 2254 super
1239 2229 1240 2240 ,

176 2266 294 2325 oculum
324 2267 387 2326 eius
413 2267 538 2343 inpones
572 2271 603 2326 et
638 2268 785 2327 fnsciabis
841 2271 872 2327 et
902 2269 1008 2344 facito,
1039 2269 1106 2344 ipso
1138 2265 1183 2324 die
1239 2289 1240 2298 ¹

123 2355 158 2410 76
177 2375 214 2413 ne
243 2355 414 2431 manducet3
447 2359 478 2414 et
504 2356 589 2415 bibat
615 2359 746 2435 tanturn,
775 2358 800 2416 si
831 2357 967 2418 voluerit.
1015 2357 1121 2418 altero
1138 2354 1181 2413 die

175 2443 283 2503 solvito
313 2446 344 2502 et
371 2445 456 2503 calda
483 2446 649 2504 fumentato
676 2447 736 2521 diu,
760 2446 864 2505 deinde
887 2447 1059 2524 fenugraeci
1082 2462 1181 2504 sucum
1193 2448 1214 2490 ²⁵

173 2533 206 2590 in
231 2532 332 2592 oculos
365 2534 508 2594 suffundis
541 2538 572 2593 et
602 2554 719 2594 rursum
751 2535 930 2594 anacollima
962 2535 1102 2594 similiter
1132 2550 1182 2609 per

174 2622 307 2680 triduum
343 2625 446 2682 curato
483 2623 643 2699 imponere.
698 2624 802 2682 deinde
843 2624 1033 2700 postmodum
1075 2623 1180 2684 solvito

175 2711 301 2786 oculum,
324 2711 495 2789 fenugraeci
513 2731 582 2772 suco
605 2714 781 2789 iumentario,
805 2733 841 2771 ex
862 2713 950 2771 melle
972 2713 1111 2790 inungite
1129 2711 1181 2770 At·

174 2800 248 2874 tico,
275 2801 368 2859 donec
396 2801 518 2860 cicatrix
546 2802 629 2862 oculo
657 2821 687 2862 se
716 2802 875 2862 confirmet.
918 2801 959 2861 sic
991 2819 1096 2860 sanum
1124 2799 1180 2859 fiet.

244 3012 261 3058 4
290 3005 319 3058 in
350 3007 412 3060 loco
445 3005 524 3061 molli
552 3006 640 3061 elides
668 3007 744 3077 Vm:
768 3005 890 3060 helidico
914 3022 978 3060 eum
1008 3008 1018 3076 ΙΙ
1050 2999 1180 3075 ttytlogi

173 3075 338 3146 plangistris
356 3077 402 3132 vel
415 3094 465 3148 per
478 3077 744 3132 obtalmostctuens:
764 3079 797 3145 cf.
814 3075 1047 3146 ὀφθαλμοστάτης
1065 3083 1090 3131 ct
1106 3075 1180 3144 infra

172 3153 228 3202 100
246 3147 463 3217 diplantistrode
494 3151 504 3218 ΙΙ
537 3149 666 3204 loculos
698 3151 707 3218 ΙΙ
739 3153 802 3217 8sq.
822 3149 1037 3219 dittographicm
1059 3149 1110 3202 del.
1129 3146 1155 3202 L
1171 3141 1180 3214 ll

174 3223 208 3270 10
229 3219 435 3288 pacentetrium
456 3219 459 3291 l
481 3221 638 3290 tragoyden
656 3219 665 3292 ll
685 3225 717 3272 12
740 3219 883 3289 ypohyme
899 3219 1099 3302 [pacenterido
1122 3232 1179 3289 pre·

172 3305 231 3342 mes
246 3291 254 3358 Η
277 3295 309 3342 13
329 3290 474 3346 duossum:
489 3318 523 3336 =
538 3290 667 3345 deorsum
686 3293 694 3356 l!
714 3296 747 3342 14
766 3293 958 3361 pacenterrum
972 3293 981 3360 ΙΙ
1000 3295 1032 3343 15
1052 3290 1178 3344 exuinere

172 3361 211 3414 sic
240 3362 244 3429 Ι
272 3360 423 3429 poenicillo
445 3364 455 3431 11
480 3367 511 3415 16
536 3361 628 3415 calido
655 3362 731 3431 ch:
760 3362 834 3416 addo
859 3363 899 3416 sic
920 3365 930 3432 11
956 3368 988 3415 17
1013 3361 1155 3415 deiussum
1169 3355 1179 3428 ΙΙ

173 3454 206 3501 20
224 3447 378 3572 ypophima
403 3452 407 3520 Ι
432 3449 624 3521 paccnterium
642 3453 651 3520 ΙΙ
670 3455 703 3503 25
724 3449 798 3503 adda
816 3452 825 3519 [l
847 3457 880 3505 28
903 3449 1022 3522 inungto
1042 3454 1065 3522 (i
1082 3438 1158 3521 ug'r‘o)
1170 3445 1179 3517 Η

172 3525 320 3573 aecanos
