2474 3910
224 213 505 269 MULOMEDIGINA
524 213 693 269 CHIRONIS
712 219 853 270 ssi-stc
976 214 1041 280 259

99 365 201 422 unctio
224 364 262 423 ad
286 365 423 424 scabiem.
459 363 557 422 oleum
580 364 740 440 cedrinum,
763 363 861 423 oleum
883 365 1042 442 laurinum,

37 453 131 510 oleum
153 455 251 529 vetus,
274 453 373 512 oleum
395 453 519 528 Liuium,
543 453 641 511 oleum
663 454 835 528 murtinnm,
858 453 957 512 oleum
979 455 1041 514 len-

35 542 186 618 tiscinum,
209 543 307 602 oleum
330 537 506 620 †hybenum
528 543 633 617 tracis,
656 542 764 617 sulfur,
787 543 923 618 nitrium,
945 544 1042 618 picem

34 630 188 706 liquidam,
211 631 314 707 salem,
336 633 451 690 acetum
472 649 582 705 acrum,
605 632 775 709 axungiam,
793 631 881 706 adipe
899 632 1042 707 ursinum,

13 719 120 795 sadipe
142 719 303 778 leoninum.
339 720 412 778 haec
435 720 534 777 omnia
556 720 630 778 trita
651 719 725 778 bene
748 721 780 778 in
798 719 907 779 cacabo
926 738 1042 796 coques.

35 827 98 866 cum
122 809 185 866 iam
208 808 246 866 ad
262 808 533 867 ...medicamenta
557 807 745 884 deferverint,
768 810 809 868 sic
832 808 1042 885 commiscebis,

32 896 102 955 bene
128 896 214 956 caldo
237 915 412 974 perungues.

94 987 201 1045 unctio
217 986 255 1045 ad
271 985 408 1046 scabiem.
436 985 532 1045 sulfur
544 987 655 1061 vivum,
668 986 764 1061 picem
776 986 931 1062 liquidam,
945 1005 1042 1044 amur-
1061 986 1117 1044 851

33 1093 108 1149 cam,
129 1076 245 1134 veratri
263 1075 356 1152 nigri,
374 1075 477 1151 aequis
499 1074 678 1150 ponderibus
699 1077 835 1150 contusa,
855 1074 928 1133 bene
947 1074 1043 1134 mixtu

1 1181 22 1222 n
33 1183 95 1222 cum
114 1165 201 1223 aceto
215 1181 275 1222 non
289 1164 377 1222 nimis
392 1164 519 1239 copioso.
537 1164 593 1222 hoc
611 1163 858 1222 medicamentum
872 1165 932 1222 cito
947 1166 1042 1223 sanat.

93 1253 200 1312 unctio
223 1252 261 1311 ad
280 1271 384 1311 coxam
401 1252 544 1327 luxatam,
563 1271 638 1328 quae
656 1253 826 1310 unctionem
844 1247 931 1330 †non
949 1252 1041 1312 audit.

32 1340 103 1401 lines
129 1341 236 1418 gluten
258 1342 411 1400 taurinum
433 1341 520 1400 semis
543 1341 629 1416 libra,
646 1341 761 1400 farinae
783 1341 896 1416 polline
925 1355 947 1418 ς
969 1341 992 1400 Ι.

92 1430 205 1490 unctio
232 1429 270 1489 ad
301 1431 474 1508 podagram.
528 1429 658 1506 aximgia
688 1432 788 1505 vetus,
820 1449 922 1489 sucum
953 1430 1042 1506 rusci,

32 1537 168 1595 cappare.
213 1518 269 1577 hoc
292 1521 410 1578 contere
433 1520 465 1576 in
487 1537 555 1593 uno,
581 1537 616 1576 ex
639 1537 673 1577 eo
696 1521 789 1593 utere,
811 1519 888 1578 sicut
906 1538 965 1579 ss.
987 1523 1041 1580 est.

5 1625 22 1666 u
93 1607 200 1667 unctio
215 1607 252 1666 ad
266 1607 478 1666 febricitantes.
511 1626 611 1666 rosam
628 1625 659 1686 p.
670 1620 702 1687 ς,
721 1607 779 1665 olei
792 1608 901 1667 veteris
920 1608 1042 1686 plibra,
1060 1607 1118 1664 852

32 1698 104 1754 aceti
130 1696 245 1755 eminas
263 1696 319 1771 III,
342 1697 400 1754 olei
420 1694 543 1771 Cyprini
565 1714 596 1775 p.
615 1709 648 1774 ς,
670 1696 843 1771 po1tulacae
866 1695 945 1771 quod
968 1697 1041 1756 satis

31 1785 157 1861 videtin,
181 1803 270 1844 nuces
293 1803 410 1844 amaras
429 1801 460 1863 p.
479 1799 516 1864 ς,
539 1788 641 1843 menta
663 1787 694 1843 et
715 1786 784 1843 ruta
802 1803 823 1863 p
843 1784 927 1844 libra.
946 1784 967 1842 h
990 1803 1042 1844 aec

31 1876 130 1932 omnia
150 1873 155 1948 Ι
177 1893 237 1932 una
255 1877 388 1933 conteres
407 1893 474 1932 cum
493 1876 576 1932 aceto
595 1874 747 1949 acerrimo,
764 1873 838 1931 bene
857 1874 985 1933 conteris
1004 1873 1042 1932 ad
1062 1874 1163 1933 152²a

31 1961 262 2038 grassitudinem
283 1962 389 2022 mellis.
429 1962 497 2020 inde
520 1981 667 2039 perunges
689 1962 900 2022 febricitantes

6 2069 21 2108 n
92 2051 200 2111 unctio
224 2051 373 2111 advenas
397 2050 611 2110 calefaciendas
638 2051 700 2110 sive
728 2051 759 2108 in
786 2051 954 2111 hominibus
977 2052 1040 2111 sive
1059 2051 1116 2108 858

31 2140 58 2197 in
79 2141 233 2200 iumentis.
266 2143 297 2198 et
318 2141 350 2198 in
372 2158 472 2216 pesso,
495 2159 562 2198 cum
588 2142 767 2215 peperenmt
793 2140 944 2216 mulieres,
972 2159 1040 2216 sup·

31 2247 120 2302 pones
139 2229 193 2303 ibi,
211 2231 246 2287 ut
263 2229 369 2288 melius
387 2231 560 2305 purgentur.
596 2228 702 2287 baccas
720 2228 797 2286 lauri
815 2228 925 2289 virides
944 2247 966 2308 p
984 2229 1040 2304 111,

30 2317 99 2377 folia
130 2318 255 2396 laurip
284 2317 408 2395 selibra,
437 2317 635 2376 rosmarinum
657 2335 679 2395 p
702 2315 762 2392 HI,
793 2317 974 2378 absinthium
996 2320 1040 2376 vi-

31 2407 90 2466 ride
115 2425 138 2486 p
163 2405 228 2481 III,
256 2406 348 2465 herba
378 2407 493 2465 turaria
521 2424 543 2484 p
567 2405 614 2480 H,
644 2406 740 2464 thuris
769 2425 923 2484 mannap
954 2406 1041 2480 libra,

7 2494 158 2556 csamsuci
177 2494 372 2553 Alexandrini
393 2513 424 2574 p.
443 2494 498 2572 III,
522 2512 669 2553 semen..
693 2495 767 2554 haec
789 2496 821 2552 in
842 2513 915 2554 vaso
938 2513 1039 2553 aeneo.

32 2671 122 2732 Siculi
146 2685 190 2732 ss
212 2671 259 2729 ΙΠ
282 2673 390 2732 adicies
413 2673 445 2730 in
468 2673 534 2731 ccct
620 2717 626 2729 .

91 2762 177 2820 idem
199 2760 343 2837 decoquas
366 2762 398 2819 in
421 2761 534 2836 tertias,
557 2761 601 2818 ita
623 2763 659 2817 ut
679 2779 749 2835 pars
768 2759 858 2818 tentia
876 2761 1038 2818 remaneat.
1057 2757 1115 2817 854

32 2868 119 2924 quam
143 2849 256 2909 colabis
286 2850 318 2907 in
340 2866 412 2909 vaso
442 2867 535 2908 aeneo
565 2851 596 2907 et
625 2848 749 2906 eundem
771 2866 888 2923 vasum,
918 2849 950 2905 in
980 2867 1038 2923 quo

7 2937 152 2999 cdecocta
177 2941 258 3016 sunt,
285 2941 399 3016 tergas,
428 2939 458 2996 et
484 2939 516 2994 in
540 2937 642 2995 eodem
668 2955 740 2996 vaso
768 2936 899 2995 colatum
922 2936 1039 2996 adicies.

31 3027 58 3084 in
88 3029 195 3086 eodem
225 3044 296 3086 vaso
326 3046 424 3086 ceram
454 3026 575 3101 adicies,
607 3028 638 3084 et
667 3026 708 3084 sic
737 3025 883 3084 fervescat
913 3045 948 3083 ex
977 3025 1038 3083 len-

31 3117 99 3176 tore.
152 3135 221 3175 cum
257 3135 324 3175 cera
359 3115 522 3192 liquefacta
558 3115 630 3189 erit,
667 3114 775 3173 adicies
812 3113 974 3190 galbanum
1010 3117 1040 3172 et

31 3223 129 3265 moves
153 3205 327 3280 spatomele,
349 3204 420 3262 dum
443 3206 473 3262 et
494 3204 550 3262 hoc
572 3201 715 3278 liquefiat.
751 3201 859 3260 herbae
878 3203 909 3260 et
927 3202 1040 3262 semina

98 3363 115 3411 3
127 3355 287 3426 Hispanum
302 3355 389 3408 fraces
404 3355 444 3421 B;
465 3355 563 3410 tatem
576 3352 710 3408 storacis?
724 3355 733 3424 ΙΙ
747 3360 763 3408 6
778 3353 814 3406 ad
829 3351 1039 3426 <carbonem>?

31 3429 107 3498 cfp.
123 3431 191 3494 263,
205 3431 224 3482 2
237 3429 276 3550 q9
295 3424 427 3550 veretrilq
442 3425 559 3479 mixtam
572 3428 582 3495 ΙΙ
597 3430 628 3478 11
648 3423 772 3479 laxatam
788 3424 793 3498 Ι
810 3424 904 3506 unctio
924 3423 1039 3493 ἔναιμον

32 3499 108 3554 audit
118 3500 146 3553 B
161 3501 171 3568 ΙΙ
185 3504 219 3551 11
249 3513 314 3552 cnes
328 3500 337 3566 ΙΙ
352 3500 385 3550 16
425 3497 492 3568 clap.
507 3501 544 3552 40
557 3499 566 3567 ll
581 3502 613 3549 11
626 3513 663 3567 sq.
678 3497 817 3566 supponet
830 3494 885 3550 sibi
899 3498 908 3566 ll
922 3502 955 3549 11
974 3513 1038 3567 pur·

31 3574 109 3638 gesur
122 3573 132 3640 11
147 3574 182 3624 16
202 3584 271 3622 cneo
285 3571 294 3636 ΙΙ
309 3573 342 3622 19
362 3583 429 3621 cneo

828 3656 878 3711 17*
