2470 3902
188 146 231 212 98
376 146 657 204 MULOMEDIOINA
676 147 846 203 OHIRONIS
864 153 1005 202 aas-328

187 297 305 356 morbos
332 297 587 358 medicamentum.
636 299 739 357 nidum
775 299 967 380 hirundinum
1003 318 1071 357 cum
1107 299 1194 375 pullis

186 386 386 471 birundiuinis
408 388 440 444 in
463 387 554 446 ollam
577 406 686 448 novem
708 387 829 448 fictilem
858 388 976 464 coquito
1002 389 1034 446 in
1057 388 1144 446 furno
1167 391 1194 446 et

188 476 291 551 sinite,
323 476 394 536 dum
421 475 496 534 cinis
522 476 589 558 fiat3
618 479 690 534 tune
718 477 853 550 eximito,
881 481 912 542 et
939 477 1018 551 quod
1045 477 1127 535 intro
1154 481 1194 534 est

187 564 361 646 contundito
379 582 472 639 usque
490 563 574 640 bene,
597 565 709 638 cernito
737 565 903 644 diligenter,
928 565 969 624 sio
993 569 1121 626 servato.
1153 568 1193 623 uti

187 673 254 718 oum
276 654 371 728 voles,
399 654 504 728 cuique
527 654 559 712 in
582 673 661 729 aqua
684 654 782 714 calida
807 657 837 714 et
859 656 891 712 in
913 672 965 712 suo
989 654 1047 712 sibi
1070 657 1221 714 stercores

186 744 312 822 mistum
339 743 378 801 ed
401 760 520 803 oausam
543 744 664 819 imponi.
711 746 741 814 et
770 745 801 802 in
830 744 950 819 potione
983 763 1037 820 per
1066 743 1193 802 triduum

186 832 283 907 dabis,
315 823 418 890 eodem
440 832 527 890 modo
554 832 734 908 temperabis
762 835 791 890 et
817 833 849 890 in
875 831 997 906 reliquis
1025 833 1192 907 potionibus

186 922 299 980 coicies.
333 924 363 980 et
381 921 407 978 si
424 921 521 978 maior
538 923 637 978 tumor
656 922 720 996 erit,
739 941 775 980 ex
791 922 893 980 eodem
906 921 1028 995 pulvere
1046 922 1079 978 in
1093 922 1192 980 vinum

187 1013 218 1069 et
239 1028 349 1085 equam
372 1011 491 1086 coquito
515 1013 545 1068 et
568 1010 606 1070 ad
629 1011 728 1068 fauces
752 1010 886 1087 alligato.

110 1098 168 1153 326
253 1100 280 1159 Χ
311 1097 356 1156 De
379 1098 504 1174 fragma.
545 1100 571 1157 si
594 1098 673 1174 quod
693 1100 857 1158 iumentum
880 1099 1028 1176 fragmam
1050 1097 1192 1170 habuerit,
1202 1117 1222 1156 ro

186 1188 272 1267 signa
295 1190 384 1247 erunt
405 1187 486 1246 haec.
522 1186 713 1262 febricitabit,
737 1188 837 1246 oculos
860 1188 1042 1266 introversus
1065 1187 1191 1264 habebit,

186 1276 337 1336 auriculae
360 1277 430 1334 sunt
451 1278 553 1338 tensae
576 1276 719 1336 hebentes
741 1277 879 1354 rigorem,
901 1276 1011 1352 pendet
1035 1277 1066 1334 et
1086 1280 1192 1334 terram

186 1364 310 1441 pedibus
336 1364 444 1423 tundit.
491 1365 533 1424 sie
560 1385 628 1424 eum
656 1368 766 1424 curato.
814 1365 988 1442 sanguinem
1019 1365 1056 1424 de
1084 1365 1192 1424 cervice

186 1455 316 1512 emittito
335 1456 365 1510 et
382 1473 513 1533 perunge
531 1456 628 1512 totum
647 1455 820 1528 iumentum,
838 1453 907 1513 vino
927 1457 957 1514 et
970 1453 1035 1512 oleo
1053 1454 1087 1511 in
1104 1473 1192 1511 unum

67 1544 171 1601 123Va
188 1543 294 1620 ungito
311 1535 313 1622 l
331 1545 361 1601 et
375 1543 417 1600 sic
431 1543 551 1620 frigato,
566 1546 596 1604 et
609 1543 674 1602 loco
689 1543 785 1602 calido
800 1544 933 1602 statuito.
957 1544 999 1602 sic
1018 1560 1126 1602 sanum
1139 1542 1191 1600 fiet
1203 1557 1221 1598 rs

110 1630 167 1686 327
254 1631 297 1690 XI
327 1631 373 1689 De
395 1631 549 1707 ydrofoba.
595 1633 621 1690 si
644 1631 723 1708 quod
745 1634 911 1690 iumentum
938 1649 1048 1707 aquam
1071 1631 1191 1704 timebit,

185 1721 241 1781 hoe
265 1720 344 1796 quod
367 1719 476 1779 dicitur
498 1720 666 1795 ydrofobes.
704 1721 730 1780 si
752 1724 851 1779 autem
875 1721 912 1784 ab
936 1738 1031 1800 aquae
1052 1719 1191 1794 habitate,

185 1809 241 1870 hoc
260 1812 305 1882 est
324 1809 478 1884 cruditate,
497 1811 539 1868 sic
558 1829 625 1868 eum
642 1809 797 1888 intelligis.
833 1811 916 1868 venis
936 1810 1072 1888 omnibns
1098 1809 1192 1882 tensis,

186 1897 314 1972 sudabit,
337 1898 430 1958 oculis
453 1898 585 1973 suffusis,
607 1901 766 1958 tremorem
789 1901 819 1958 et
841 1898 1007 1958 frendorem
1030 1899 1190 1973 patiuntur,
1227 1955 1228 1958 ,

186 1988 283 2047 solent
304 1987 337 2044 in
359 1986 473 2046 rabiem
496 1989 637 2046 converti.
674 1989 716 2046 sio
739 2007 806 2046 eum
824 1990 936 2066 curato.
974 1987 1150 2064 sanguinem
1168 1985 1221 2042 eico

185 2076 221 2133 de
249 2075 438 2134 inferioribus
466 2076 615 2135 detrahito
644 2080 675 2134 et
702 2096 770 2136 eum
797 2077 862 2135 loco
889 2075 1045 2146 tenebroso
1069 2076 1189 2136 statuite

186 2165 217 2224 et
239 2183 257 2225 a
280 2164 400 2226 cibariis
423 2164 579 2223 abstineto.
618 2165 665 2224 his
688 2167 790 2224 vinum
811 2166 1046 2224 austerissimam
1069 2168 1100 2222 et
1122 2165 1191 2221 lum·

185 2253 284 2313 briaae
313 2271 411 2312 semen
439 2257 538 2313 tusum
565 2254 677 2312 ciatum
699 2273 792 2314 unum
813 2256 947 2329 tempera
973 2256 1004 2310 et
1031 2253 1069 2311 da
1096 2252 1190 2311 biduo
1223 2279 1228 2343 Ι

185 2342 349 2418 potionem,
378 2360 468 2418 quam
494 2343 620 2420 singulis
648 2343 752 2402 eminis
775 2342 873 2417 dabis,
902 2346 932 2400 et
954 2341 1074 2401 cibariis
1099 2342 1189 2400 siccis-
1222 2354 1232 2427 g¹

111 2519 169 2575 328
255 2521 290 2577 de
314 2518 466 2594 ydrofoba.
513 2521 539 2579 si
562 2520 641 2595 quod
663 2521 828 2578 iumentum
855 2519 1030 2595 ydrolobam
1055 2519 1188 2593 patietur,

184 2610 216 2667 in
235 2609 348 2684 pariete
367 2608 474 2667 inlidet
491 2628 531 2682 se,
550 2608 663 2668 sitiebit
681 2612 712 2666 et
729 2609 847 2668 timebit
865 2627 982 2683 aquam.
1019 2608 1062 2668 sio
1083 2609 1188 2666 curato.

186 2432 267 2490 simis
290 2434 401 2489 utatur.
444 2432 485 2491 sic
509 2450 613 2490 sanum
636 2430 694 2489 fiet.
1199 2432 1231 2693 ]

185 2698 353 2757 concludito
375 2698 408 2754 in
431 2697 495 2758 loco
518 2698 682 2775 tenebroso,
706 2698 860 2756 uelamen
883 2697 983 2756 videre
1004 2697 1107 2771 possit.
1143 2691 1188 2752 sed
1195 2718 1231 2953 J

185 2787 303 2846 silentio
326 2804 436 2864 magno
465 2788 507 2845 sic
530 2805 640 2861 aquam
663 2787 778 2844 offerito
806 2788 837 2844 in
860 2787 958 2860 alveo,
986 2785 1030 2843 ita
1057 2805 1093 2844 ne
1120 2786 1187 2844 stre·

184 2877 282 2951 pitum
305 2873 416 2936 audiat.
463 2877 605 2952 opponite
629 2894 734 2949 escam,
757 2895 794 2932 ne
817 2878 901 2938 setim
922 2875 983 2935 fiat.
1025 2875 1051 2932 si
1075 2873 1184 2942 esuriet,
1230 2923 1231 2928 ,

184 2983 244 3022 non
266 2968 330 3022 tam
352 2963 542 3023 vehementer
563 2962 691 3038 vexabit.
737 2966 827 3040 caput
854 2964 1011 3040 perungito
1038 2963 1064 3022 ei
1093 2965 1121 3022 et
1142 2979 1184 3018 su-

254 3156 272 3204 4
291 3150 334 3204 uti
352 3151 392 3204 B:
413 3153 443 3204 ut
456 3152 495 3219 116
514 3149 621 3221 imponi
635 3177 668 3196 =
683 3149 795 3219 impone
809 3152 847 3220 1Ιῖ
867 3149 1040 3220 tempurabis
1054 3151 1063 3218 11
1079 3153 1110 3201 10
1128 3147 1182 3214 ch.

189 3222 268 3284 1129
288 3224 297 3290 ΙΙ
321 3227 354 3274 12
377 3221 494 3292 pendet:
519 3221 631 3276 frendet
655 3223 684 3275 B
705 3224 714 3290 ll
738 3227 771 3274 13
797 3219 916 3275 cervice:
944 3219 1062 3274 matrice
1094 3219 1150 3274 Vc.
1175 3215 1183 3286 ll
1229 3229 1230 3232 ’

186 3298 219 3346 14
251 3291 439 3360 adiunctoque
476 3291 537 3346 oleo
570 3295 599 3346 et
629 3292 695 3346 vino
727 3291 880 3362 tepefacies
918 3292 979 3362 ch.
1017 3289 1028 3363 ll
1064 3296 1097 3344 1o
1126 3234 1183 3356 i'op.

189 3361 264 3416 1⁷30
288 3363 292 3432 Ι
316 3361 438 3417 itrofova
464 3364 474 3431 ΙΙ
502 3367 534 3416 17
550 3379 625 3431 aqua
651 3367 660 3432 ΙΙ
689 3368 722 3415 18
742 3361 848 3417 densis:
871 3379 940 3417 corr.
964 3363 1025 3433 ch.
1045 3361 1101 3434 {123
1118 3362 1181 3412 tem·

184 3434 330 3553 mdes
355 3433 415 3501 ch.
439 3433 466 3486 V
480 3437 553 3499 30‚2
568 3435 573 3505 l
588 3433 725 3502 ydrofova
741 3435 745 3504 Ι
761 3432 950 3504 ydrofabamu
971 3439 1003 3486 31
1024 3431 1135 3488 vexabit
1152 3454 1181 3473 =

183 3516 256 3554 vexa
276 3519 334 3553 1ur
