2470 3902
236 196 519 253 MULOMEDIGINA
538 197 708 253 CHIR-ONIS
728 205 867 254 304-306
1019 201 1059 264 91

59 351 184 422 opertum
214 365 329 423 eorpus
366 349 436 408 vino
463 352 493 407 et
521 349 586 407 oleo
614 348 786 408 suffrieebis.
827 351 937 408 habeat
964 354 1064 410 sutem
1082 352 1140 408 3⁰4

58 440 224 512 coopertum
255 440 372 512 peetus,
405 441 434 495 et
464 441 562 496 totum
592 440 726 496 ventrem
759 439 821 496 eius
854 440 966 512 sulfure
997 442 1062 499 trito

57 529 81 582 et
100 526 165 584 eleo
191 526 300 583 binare
323 529 353 584 te
374 525 534 602 oportebit.
571 526 689 586 curabis
712 530 820 602 eutem,
848 531 889 602 nt,
917 528 968 586 ubi
994 531 1063 605 stat,

55 615 190 672 mundum
220 615 260 672 sit
282 617 314 672 et
336 615 519 673 substratum
546 614 657 674 habeat
679 616 811 690 erebus,
840 635 915 690 quae
942 617 1062 676 odorem

35 703 170 779 tinnient,
193 707 294 761 murts
318 707 370 762 eut
392 704 510 762 launnn
532 708 586 763 aut
607 705 695 762 huius
716 704 812 762 simile
836 705 959 780 aliquid.
996 726 1063 764 eum

55 793 167 866 quando
199 795 300 850 antem
325 793 381 850 hoe
408 793 516 851 vitium
546 794 631 867 εἱμνο
656 793 730 852 baec
763 791 865 869 [eque]
898 796 1062 871 excesserit,

54 885 81 938 ut
102 901 122 940 s.
146 900 168 942 s,
194 884 247 957 est,
270 884 305 938 ut
332 881 483 940 ambulare
511 901 571 940 non
602 882 698 957 possit
725 885 755 940 et
781 882 906 958 pedibus
928 882 1065 941 infinmus¹

54 970 98 1045 sit,
121 973 155 1028 et
177 970 214 1028 de
236 970 351 1045 pariete
374 970 406 1028 in
428 970 573 1046 parietem
601 989 632 1028 se
660 971 803 1046 conlidet,
831 975 861 1029 et
883 971 1063 1030 fantesietnr

53 1063 78 1116 et
103 1061 197 1135 eaput
224 1059 384 1117 demissum
407 1059 530 1134 habeat,
565 1059 666 1118 dolore
694 1059 834 1136 satietur,
868 1064 898 1118 et
925 1061 1062 1136 quotiens

23 1166 43 1204 n
53 1148 186 1207 adlevare
212 1166 243 1207 se
273 1147 367 1222 volet,
399 1167 459 1206 non
489 1151 601 1224 potest,
633 1151 668 1206 nt
690 1150 806 1208 exnitns
829 1167 851 1208 s.
871 1167 892 1206 s
919 1195 925 1206 .
948 1196 954 1209 .
977 1195 983 1206 .
1010 1151 1062 1225 qui

53 1237 164 1295 exuitus
195 1237 258 1295 eins
289 1237 409 1295 incedet
438 1240 468 1295 et
496 1238 547 1296 vix
575 1237 673 1295 meiet.
715 1238 789 1296 seire
819 1241 919 1296 autem
943 1238 1061 1297 debebis

51 1326 79 1382 in
99 1325 157 1384 hoe
180 1327 211 1383 et
232 1325 290 1384 fele
315 1327 377 1384 eius
399 1325 431 1384 in
455 1326 521 1403 ipso
548 1326 645 1385 iecore
673 1327 796 1386 solvere.
841 1327 918 1386 unde
946 1328 994 1386 hie
1017 1329 1061 1387 vi·

52 1433 114 1473 vere
142 1433 204 1472 non
226 1417 334 1490 potest.

108 1503 155 1561 HI
169 1502 203 1560 Si
216 1503 296 1578 quod
309 1504 474 1562 iumentum
484 1503 653 1563 cardiacum
662 1504 762 1579 subiit,
776 1505 861 1582 signa
882 1499 886 1581 Ι
907 1508 1010 1563 erunt:
1029 1506 1197 1564 805122‘11

22 1591 134 1650 shuins
162 1591 319 1650 inclinabit
350 1596 454 1667 eaput,
488 1594 520 1650 in
550 1592 801 1652 ambulationibus
827 1613 888 1651 non
918 1595 1059 1668 seqnitur.

53 1680 121 1740 haee
144 1699 215 1758 ergo
245 1680 330 1758 signe
358 1681 405 1740 eui
428 1681 580 1757 secedent,
608 1681 701 1740 telem
728 1700 799 1759 ergo
828 1682 983 1757 desperare
1011 1682 1060 1740 de-

54 1768 139 1828 bebis
185 1769 303 1829 eusebis
327 1773 435 1845 sutem,
458 1770 620 1829 sicutne.

113 1859 156 1916 IV
178 1875 371 1918 Pomnnnnns
395 1858 430 1917 de
449 1859 599 1918 frenetico.
638 1859 663 1917 si
682 1859 762 1935 quod
779 1860 945 1917 iumentum
962 1859 1058 1917 frene-
1077 1861 1134 1916 306

53 1946 140 2005 ticum
170 1947 275 2023 fuerit,
307 1948 393 2025 signe
425 1951 513 2006 erunt
547 1949 653 2006 huius:
690 1948 790 2007 oeulos
822 1946 1065 2007 subbnbolentos·

121 2205 216 2260 1ίστω
231 2203 262 2259 δὲ
283 2201 487 2274 ἐσκεπασμένοι·
503 2205 555 2275 τὴν
574 2203 691 2271 κοιλίαν,
711 2206 827 2274 μάλιστα
847 2203 878 2260 δὲ
896 2205 927 2260 τὸ
947 2210 1058 2276 στῆθος,

55 2275 100 2328 καλ
114 2275 219 2348 τρίβειν
240 2281 323 2330 θεῖον
344 2275 413 2345 μετὰ
433 2274 528 2330 ἐλαίον
547 2277 596 2330 καλ
614 2275 728 2331 διδόναι
745 2279 788 2345 112
813 2277 977 2332 substrictoz
1004 2277 1059 2331 sul-

56 2346 111 2401 fure
136 2348 212 2403 tn'te
230 2348 360 2402 substitui
386 2349 395 2416 ΙΙ
422 2347 647 2401 41ubstraetum
676 2347 680 2419 t
711 2364 726 2401 e
750 2349 850 2402 addidi
871 2351 880 2418 ΙΙ
903 2347 1027 2404 tfaeint
1051 2349 1060 2420 β

57 2423 71 2469 6
96 2417 214 2490 si(gns>
239 2419 288 2474 M:
317 2417 341 2471 si
364 2419 369 2488 Ι
395 2435 449 2487 sqq.
474 2417 545 2472 όταν
565 2415 596 2472 δὲ
625 2415 738 2488 γένηται
763 2419 833 2488 πρὸς
859 2427 918 2481 τοῖς
942 2438 1059 2490 γεγραμ-

58 2485 143 2554 μένοις
180 2487 317 2560 σημείοις,
360 2489 497 2544 ἀδυνατεῖ
532 2497 581 2542 τοῦ
621 2498 797 2560 περιπατεῖν,
834 2488 1060 2560 ἀναγκαζόμενος

59 2556 87 2611 δὲ
111 2559 301 2631 παραφόρεται
334 2560 374 2622 είς
389 2577 392 2584 ·
409 2561 474 2622 τοὺς
509 2557 621 2629 τοίχονς
655 2561 704 2615 καί
737 2564 776 2634 τῷ
810 2562 983 2616 ἀπαντιῶντι
1015 2559 1059 2628 ἐμ-

59 2627 144 2685 πίπτει
169 2632 218 2686 καλ
249 2629 378 2693 κατοπός
414 2631 504 2699 ἐστιν,
536 2631 574 2693 ὡς
607 2630 787 2700 προείρηται,
820 2633 869 2687 καλ
902 2631 977 2699 ίδροῖ
1008 2631 1060 2699 τὴν

60 2699 158 2756 κοιλίαν
182 2703 318 2764 καὶτοὺς
337 2702 435 2771 νόμους,
461 2703 498 2764 ὡς
522 2702 572 2756 καλ
595 2699 699 2771 τρόμον
723 2702 754 2757 ἓν
772 2704 848 2774 αὐτῷ
866 2702 915 2757 καλ
933 2702 1060 2769 σπασμὸν

61 2768 179 2837 γίνεσθαι
197 2773 247 2828 καλ
265 2771 379 2828 πίπτειν
397 2771 511 2842 ἀθρόοις
528 2774 577 2827 καλ
594 2775 631 2843 μὴ
650 2775 849 2842 πλατύνεσθαι,
868 2770 928 2827 ἀλλ’
945 2772 991 2826 ἐπὶ
1009 2771 1061 2841 τὴν

61 2840 159 2899 κοιλίαν
187 2847 375 2900 κατακεῖσθαι
406 2844 584 2913 όδννόιμενον
618 2843 728 2913 σφόδρα
755 2845 804 2900 καί
831 2845 868 2913 μὴ
900 2840 1059 2912 ὑπομένειν.

64 2910 208 2982 ἐγείρεσθαι
226 2913 257 2970 δὲ
275 2912 397 2970 θέλοντα
412 2915 448 2984 μὴ
463 2916 607 2969 δόνασδαι
624 2915 694 2970 ἀλλὰ
708 2914 776 2984 μετὰ
791 2913 861 2986 βίας,
875 2915 925 2969 καί
939 2913 1060 2968 ἀνεσπα-

63 2981 121 3038 κότα
132 2988 196 3050 τοὺς
210 2987 346 3056 διδόμονς
360 2981 442 3055 εἶναι,
456 2985 488 3040 τό
501 3006 530 3040 τε
545 2985 657 3041 αίδοῖον
666 2985 833 3058 προβάλλειν
847 2987 896 3040 καὶ
910 2983 1062 3053 προίεσθαι

65 3054 90 3107 τό
106 3053 186 3125 οάρον
204 3055 266 3112 κατ’
289 3055 391 3126 ὀλίγον.
428 3058 574 3127 γινώσκειν
593 3056 624 3112 δὲ
643 3060 698 3126 δεῖ,
722 3058 759 3120 ὡς
775 3065 825 3112 τοῦ
843 3057 970 3111 τοιοότον
989 3074 1060 3124 παρ-

66 3125 227 3192 εμπέπτωκεν
256 3129 296 3191 είς
322 3127 374 3190 τὰς
391 3125 527 3198 ἀρτηρίας
550 3127 566 3197 ἡ
586 3129 652 3198 χολὴ
671 3129 721 3183 καί
739 3128 785 3182 ἐπὶ
801 3127 854 3197 τὴν
877 3125 1000 3195 καρδίαν
1018 3126 1061 3182 ἐν·

66 3195 165 3261 intutae
177 3200 226 3254 καλ
240 3202 290 3269 ζῆν
304 3200 338 3254 ot
348 3200 474 3253 δόναται.
490 3202 499 3270 ΙΙ
514 3205 547 3252 10
558 3198 846 3254 exuitus=atbotov2
862 3199 866 3270 l
882 3216 919 3267 sq.
930 3215 987 3252 non
999 3201 1061 3268 pot·

67 3269 149 3336 estut
162 3287 196 3326 ex
208 3270 238 3325 vi
256 3273 344 3326 tentes
354 3269 485 3342 <qnoque
499 3270 559 3324 eius
574 3270 750 3351 adsument>
766 3272 795 3323 et
807 3269 856 3324 vix
868 3269 962 3324 meiet.
991 3269 1061 3324 seire

67 3340 148 3415 nutem
165 3341 280 3397 debebis
299 3341 330 3394 in
352 3341 406 3396 hoe
425 3341 562 3414 <eausam
587 3357 648 3395 esse
673 3340 780 3412 selba),
806 3341 873 3410 quie
895 3341 975 3395 venis
1002 3340 1061 3395 eiu·

68 3411 168 3481 nesbit,
187 3416 216 3467 et
233 3412 274 3467 fel
291 3412 352 3467 eius
370 3412 401 3465 in
418 3411 480 3483 ipso
501 3429 529 3466 se
549 3412 631 3466 eorde
653 3411 760 3466 solvere
774 3413 802 3465 B
824 3418 834 3482 u
858 3418 890 3465 15
914 3411 1061 3483 inoppine-

68 3476 123 3606 ξίίὶβ
135 3489 165 3605 ἲδ
183 3483 349 3539 Pollieretus
362 3486 372 3553 ΙΙ
387 3489 420 3536 19
437 3484 519 3536 erunt
532 3482 602 3536 haee
617 3489 667 3536 ονῖ
684 3481 767 3535 huius
786 3481 900 3555 (haec)
919 3484 958 3537 W
973 3483 976 3554 t
998 3482 1062 3535 sub-

80 3565 106 3602 ur
123 3557 228 3609 oentus
938 3573 941 3580 ·
