2470 3902
223 148 505 204 MULOMEDICINA
524 147 692 204 OHIRONIS
711 156 852 205 eoa-410
976 151 1039 214 125

36 301 118 358 nimis
148 317 248 358 macer
273 299 326 358 fiet
353 301 383 357 et
412 300 534 358 cottidie
562 300 709 359 consumit
739 319 768 358 se
796 302 907 378 ipsum,
935 321 1040 378 corpus

35 390 111 448 illius
137 391 169 446 et
191 388 243 446 fiet
266 388 462 447 eminentibus
485 389 621 447 omnihus
644 389 765 447 ossibus
807 394 839 456 et¹
860 391 1041 450 manducans

36 480 161 537 nultum
190 478 294 551 esurit,
326 479 357 535 et
386 477 530 552 quidquid
551 477 712 552 invenerit,
739 478 843 537 rodere
865 481 931 538 vult
953 480 1041 538 famis

36 567 183 626 beneficio.
229 568 341 624 stercus
361 584 475 642 semper
493 567 599 624 durum
622 567 793 641 adsellatur,
817 570 847 625 et
867 569 967 626 trahet
989 589 1042 644 per

19 657 156 734 alougum
184 657 317 731 tempus,
348 674 381 713 eo
411 674 504 730 usque
531 656 644 714 vivunt.
690 675 744 714 nec
771 674 890 733 surgere
917 659 1042 732 possunt

36 748 58 803 et
78 747 217 803 iacentes
238 743 361 822 fatigati
384 743 426 802 sic
447 745 642 820 manducant,
670 745 755 820 quasi
782 746 868 821 putes
896 763 946 804 eos
972 745 1041 803 refi-

36 853 91 892 cere
117 851 151 891 se
175 851 269 908 posse.
309 831 342 890 hi
365 835 474 906 autem,
498 833 548 908 qui
571 834 627 892 hoc
647 833 721 892 vitio
744 835 891 910 tenentur,
914 833 1042 892 multum

36 923 246 980 manducantes
264 921 343 979 fame
361 922 535 982 moriuntur.
573 923 721 981 consumit
738 922 794 981 hoc
812 923 919 982 vitium
939 942 1040 980 eorum
1058 922 1115 979 los

36 1011 187 1070 medullas·
242 1009 386 1085 quidquid
419 1010 496 1068 onim
529 1029 626 1070 escam
657 1011 821 1087 accipiunt,
859 1012 897 1069 ad
931 1014 1042 1069 stercus

11 1119 59 1158 nse
82 1100 178 1158 ducit.
224 1099 362 1157 similiter
385 1100 415 1156 et
437 1101 526 1174 potus
554 1100 592 1157 ad
619 1100 748 1176 urinam,
779 1103 809 1159 et
840 1101 916 1158 nihil
939 1120 974 1158 ex
996 1100 1042 1158 his

36 1190 66 1246 ad
104 1187 255 1247 medullas
292 1207 394 1247 eorum
429 1188 579 1263 pervenit,
621 1191 743 1264 propter
780 1190 859 1264 quod
895 1192 1043 1248 stomacus

36 1297 136 1336 eorum
169 1277 389 1335 concoctionem
426 1276 534 1335 caloris
571 1296 631 1336 non
662 1277 785 1353 patitur.
840 1278 932 1337 nimio
965 1278 1043 1336 enim

35 1367 145 1444 frigore
186 1367 364 1424 constrictus
408 1364 531 1424 iocineri
571 1366 646 1424 nihil
677 1368 831 1442 propinat,
867 1367 918 1425 ubi
944 1368 1043 1425 totius

36 1455 167 1531 corporis
198 1454 294 1513 virtus
332 1453 370 1511 ad
405 1455 596 1512 nutriendum
634 1473 740 1530 corpas
777 1474 831 1531 per
870 1456 1044 1532 sanguinem

11 1561 25 1601 a
35 1545 245 1619 praeparatur,
274 1543 413 1602 increscit
434 1546 464 1601 et
485 1543 567 1602 renis
591 1546 621 1601 et
648 1544 743 1617 cordi,
773 1565 807 1602 ex
831 1563 864 1610 co
887 1545 1043 1619 medullae,

37 1651 110 1707 quac
142 1632 218 1689 nihil
245 1634 366 1690 sumunt
389 1635 531 1707 exparte
568 1633 725 1707 superiore.
780 1632 907 1690 tabescit
938 1633 969 1690 in
1002 1632 1043 1690 eis

35 1722 132 1796 ipsum
164 1722 255 1794 iocur,
286 1721 408 1780 minuet.
454 1721 602 1796 paulatim
632 1723 729 1779 totum
761 1739 867 1796 corpus
898 1741 951 1796 per
980 1721 1043 1778 lon-

37 1831 106 1886 gum
136 1812 253 1884 tempus
289 1809 334 1868 ita
371 1811 440 1885 erit,
476 1812 510 1867 ut
545 1810 645 1885 arbor,
683 1829 759 1885 quae
794 1810 890 1885 partis
922 1810 1044 1867 maioris

36 1899 143 1956 radicis
166 1917 237 1956 suae
261 1919 296 1956 ex
319 1899 420 1973 aliqua
447 1918 478 1956 re
501 1898 638 1974 perdidit.
684 1901 714 1956 et
737 1917 812 1974 quae
839 1899 936 1956 minor
958 1898 1044 1956 radix
1061 1897 1119 1954 409

11 1987 128 2045 amerit
154 1987 246 2046 huius
272 1987 399 2060 arboria
429 1987 454 2045 si
482 1987 599 2063 valeat,
629 1987 667 2045 ad
696 2005 834 2062 praesens
861 1989 995 2063 praestat
1017 1987 1044 2045 ei

38 2078 161 2151 rictum3
194 2078 296 2134 tamen
323 2095 377 2151 per
399 2078 533 2151 tempora
561 2078 643 2134 stans
671 2077 785 2134 arescit.
831 2078 875 2134 ita
898 2076 1045 2135 sintectici

39 2165 127 2223 simili
150 2165 237 2223 modo
260 2165 436 2223 moriuntur.
483 2183 557 2239 quos
584 2166 625 2224 sic
653 2167 750 2223 curari
778 2167 902 2240 oportet.
948 2166 1043 2241 primo

39 2254 66 2308 in
90 2255 223 2329 tempore
247 2252 417 2312 unctionem
438 2253 543 2312 facies:
567 2253 636 2330 sale,
660 2272 727 2312 cera
749 2254 847 2329 pondo
866 2255 906 2330 H,
929 2255 1044 2313 resinae

39 2341 222 2400 terbentinae
241 2341 328 2417 libra,
345 2341 493 2400 medullae
512 2343 647 2401 cervinae
665 2343 750 2418 libra,
775 2343 919 2420 axungiae
936 2345 1045 2403 ueteris

11 2429 102 2487 asine
129 2431 190 2489 sale
214 2449 236 2509 p
260 2429 350 2503 libra,
382 2431 520 2506 propolin
543 2450 564 2510 p
588 2430 709 2506 selibra,
739 2432 799 2489 irin
821 2433 933 2490 Illirica
955 2450 977 2510 p
1002 2449 1045 2489 se·

40 2517 126 2595 libra,
155 2521 254 2579 oleum
276 2519 425 2576 laurinum
455 2523 600 2595 quantum
629 2521 702 2578 satis
731 2521 828 2578 fucrit.
880 2538 987 2595 coques
1010 2538 1045 2577 ea

44 2609 137 2665 omnia
160 2627 182 2666 s.
208 2627 253 2682 s,
277 2610 526 2684 attemperatum
553 2609 585 2666 id
607 2609 853 2668 medicamentum
883 2608 922 2666 ad
953 2608 1046 2666 ceroti

45 2696 198 2755 mollitiam
222 2695 334 2754 colabis
357 2699 387 2754 et
408 2697 509 2772 tepido
533 2697 675 2756 admisces
702 2699 760 2756 irin
781 2698 925 2755 Illiricam
947 2700 1045 2754 tusam

45 2786 72 2839 et
92 2790 215 2862 cretam,
245 2785 324 2843 idem
346 2785 517 2859 immolabis,
551 2789 586 2844 ut
613 2805 672 2844 una
699 2787 874 2863 refrigiscat.
921 2805 956 2842 ex
986 2785 1042 2843 hoc
1060 2783 1120 2840 410

11 2873 253 2934 nomedicamento
286 2874 443 2951 penangito
481 2878 578 2933 totum
618 2877 782 2933 iumentum
819 2877 848 2932 et
884 2874 1044 2949 perfricato

46 2963 182 3039 manibus,
206 2981 298 3038 usque
323 2963 415 3021 donec
438 2964 658 3022 excalefaciant.
699 2964 755 3023 hoo
777 2963 868 3022 facito
891 2964 923 3019 in
945 2965 1044 3020 ternos

47 3045 116 3127 dies,
149 3055 178 3110 et
210 3053 363 3127 copertum
395 3052 436 3110 sit
462 3055 493 3111 et
524 3053 644 3112 cottidie
677 3052 823 3128 paulatim
860 3051 1044 3128 exercitetur,

45 3156 251 3173 5——

89 3285 94 3296 ,
112 3225 129 3272 4
146 3237 182 3290 sq.
200 3221 318 3274 trahunt
335 3220 450 3290 longam
469 3237 502 3274 ac
520 3219 709 3275 miserabilem
727 3219 815 3274 vitam
833 3220 1045 3291 1191113601-

49 3286 169 3343 emotum
182 3294 191 3360 fl
205 3298 238 3346 14
256 3292 348 3346 victus
364 3292 402 3344 M
412 3293 457 3360 (cf.
470 3293 486 3346 l.
496 3295 544 3361 21)
560 3295 565 3362 Ι
581 3289 716 3360 corporis:
735 3307 803 3345 corr.
819 3291 880 3362 Vey.
895 3294 904 3362 u
921 3297 952 3344 15
965 3306 1045 3360 prae-

48 3361 170 3434 paratus:
189 3379 257 3418 corr.
284 3363 346 3433 Veq.
364 3367 367 3428 l
385 3361 475 3416 cordis
489 3365 498 3431 11
520 3369 553 3416 16
571 3361 621 3430 qui
638 3365 647 3432 11
669 3367 701 3414 17
727 3361 833 3414 minum
854 3363 894 3417 et:
920 3379 987 3418 corr,
1009 3363 1045 3430 B,

49 3429 176 3502 minuitur
192 3433 254 3505 Vec.
269 3437 279 3503 ΙΙ
293 3439 326 3486 22
350 3451 404 3502 quo
418 3437 428 3503 ll
446 3439 480 3486 24
503 3433 637 3502 axungia:
657 3449 724 3487 corr.
745 3433 805 3504 Veq.
820 3435 830 3502 {l
850 3439 883 3486 26
903 3432 1046 3506 <samsuci

50 3493 166 3574 hirtam>
184 3503 274 3559 oleum
297 3505 359 3575 ch.
374 3505 384 3576 Η
402 3510 435 3558 29
449 3503 614 3560 tutuclabis:
631 3503 769 3558 tuditabis
780 3506 818 3558 M
821 3527 828 3572 ς
845 3504 969 3576 agitabis
983 3505 1045 3574 ch.
