2462 3906
194 123 258 187 286
379 117 662 176 MULOMEDICINA
681 121 852 177 GHIRONIS
871 123 1011 176 953-960

119 273 177 330 959
263 272 301 331 ad
323 272 444 351 boves,
469 289 544 348 quae
568 272 665 331 subito
689 273 810 330 inflatae
834 273 1009 332 moriuntur.
1044 291 1099 332 acu
1119 291 1186 329 men·

193 366 257 420 turn
280 361 334 420 sub
357 361 463 439 lingua
485 357 523 420 ad
545 361 676 420 radicem
700 361 904 439 compungito,
927 380 1019 437 quam
1040 361 1188 437 plurimum

195 453 293 526 exeat,
322 453 354 508 et
384 468 473 525 supra
503 453 641 508 naturam
667 449 721 509 sub
745 450 870 508 caudam
900 469 1007 510 venam
1033 451 1141 509 incides
1164 451 1189 506 et

194 540 297 599 vinum
320 539 465 598 ferratum
489 540 586 598 emina
610 541 638 598 ei
659 538 809 597 infundito
833 542 863 597 et
885 539 1015 598 devoret.

60 632 162 690 lbl'a
176 629 232 684 959
276 629 311 686 de
334 628 461 704 porcis.
503 627 542 686 ad
560 645 627 687 sues
644 627 901 687 medicamentum.
923 623 1079 706 {adpones
1103 626 1217 685 fabens

195 717 322 776 solidam
339 717 371 776 in
389 735 459 776 vase
479 735 579 791 aeneo,
599 707 813 796 coques'†usti
830 716 969 776 radicem.
1009 717 1114 777 deinde
1136 733 1191 774 cnm

194 809 310 866 coctum
321 805 422 881 fuerit,
436 806 542 864 coicies
556 809 669 866 stercus
683 806 884 883 gallinacium,
902 807 935 864 in
947 824 1007 865 uno
1021 806 1122 864 fabam
1136 822 1191 862 con-

194 895 302 955 tundes
319 897 352 953 ta
370 895 480 969 pileam
498 894 638 971 ligneam,
662 889 707 974 [et
730 913 819 970 qnam
838 897 953 954 coctum
975 889 1081 974 fuerit]
1100 893 1192 953 coicies

195 1003 264 1062 ergo
293 983 491 1062 gallinaceam
518 983 618 1043 vivam
646 986 677 1042 et
703 1001 798 1059 aquae
825 984 981 1060 pusillum,
1009 987 1040 1043 et
1067 1003 1134 1042 cnm
1157 982 1192 1038 in·

193 1073 324 1148 ferverit,
346 1072 500 1150 disperges
523 1090 590 1131 cum
613 1073 723 1132 eisdem
746 1073 783 1131 de
806 1073 903 1131 canali
923 1072 1037 1151 ligneo,
1060 1072 1149 1130 addes
1169 1073 1192 1126 et
1202 1085 1217 1124 11

193 1180 243 1221 eos
271 1162 309 1219 ad
337 1179 485 1219 summum
513 1164 544 1220 et
570 1162 657 1220 lacte.
701 1162 776 1220 haec
803 1161 903 1220 omnia
929 1181 1004 1237 puer
1031 1162 1128 1221 nudas
1150 1161 1192 1217 aut

192 1250 277 1327 virgo
299 1251 396 1308 facere
420 1249 546 1325 debebit,
570 1252 731 1325 antequam
754 1251 799 1309 sol
821 1251 954 1325 prodeat.

117 1343 174 1399 958
259 1337 508 1397 medicamentum
531 1338 569 1396 ad
592 1357 658 1397 sues
681 1339 741 1398 alio
768 1339 864 1398 modo.
909 1357 1032 1416 porcam
1058 1338 1192 1416 virginem

193 1428 333 1503 occidito,
362 1447 396 1486 ex
425 1445 460 1486 ea
487 1428 652 1502 particulas
680 1428 771 1487 facito
800 1430 830 1486 et
857 1427 1019 1504 quodquod
1048 1428 1091 1486 sit
1116 1421 1192 1504 †oita

191 1516 295 1592 fuerit,
324 1517 431 1575 sullam
457 1516 588 1576 habebis,
634 1517 756 1576 cottidie
788 1516 880 1576 facies
908 1520 938 1575 et
964 1517 996 1574 in
1025 1534 1091 1576 asse
1120 1527 1217 1574 cernes

192 1605 334 1665 esurienti
361 1623 413 1664 cor
437 1604 533 1681 illius,
563 1605 668 1664 deinde
696 1605 794 1680 dabis,
823 1609 858 1664 ut
883 1605 914 1663 in
944 1605 1041 1682 porcis
1071 1604 1191 1679 incipies.

193 1695 246 1754 des
268 1695 318 1772 sio,
340 1697 375 1752 ut
398 1712 499 1753 omnes
522 1697 643 1771 gustare
665 1694 788 1770 possint.

258 1783 337 1842 idem
367 1783 405 1842 ad
437 1801 504 1841 sues
536 1783 597 1841 alio
629 1783 725 1843 modo.
771 1782 888 1842 scobem
920 1782 1082 1841 eburneum
1113 1783 1192 1841 ciatos
1216 1819 1217 1842 1

192 1872 325 1950 singulos
346 1871 378 1930 in
401 1871 531 1931 collicias
550 1872 582 1930 in
601 1872 739 1931 cannales
758 1889 887 1949 sparges.
926 1871 1088 1947 quodquod
1107 1869 1191 1945 capita
1216 1859 1217 1917 l

191 1961 399 2020 fuerint...in
420 1959 517 2036 primo
536 1979 602 2020 vere
621 1961 717 2020 facere
740 1959 868 2026 debebis,
891 1979 978 2019 mane
996 1960 1106 2019 ieiunis
1125 1960 1216 2017 daras

115 2054 173 2110 959
258 2049 331 2107 item
359 2049 397 2106 ad
424 2067 500 2108 sues.
545 2049 794 2108 medicamentum
820 2050 917 2125 primo
945 2067 1012 2107 cere
1041 2051 1112 2108 ante
1139 2049 1191 2105 her·

191 2137 260 2195 bam
288 2155 397 2195 novam
424 2137 521 2213 dabis,
549 2139 661 2197 veratri
683 2138 798 2197 radices
821 2140 954 2197 conteres
977 2138 1008 2196 in
1031 2138 1127 2213 pilam
1147 2136 1190 2210 lig·
1215 2185 1216 2210 p

191 2245 292 2301 neam,
317 2226 466 2284 minutum
488 2227 589 2286 facies.
634 2226 741 2286 ieiunis
763 2245 851 2285 mane
878 2227 910 2284 in
936 2227 1076 2286 cannales
1101 2223 1190 2285 coicies
1215 2211 1216 2237 ¹

192 2318 222 2374 et
249 2314 378 2373 features
408 2315 488 2391 quod
518 2315 659 2374 libentius
691 2316 792 2374 edunt
838 2316 864 2374 si
896 2333 972 2392 quae
1004 2317 1189 2393 praegnantes

190 2405 286 2480 enmt,
309 2403 380 2462 dare
402 2404 474 2479 noli,
496 2421 533 2462 ne
557 2403 694 2463 deiciant.

256 2494 326 2551 iam
358 2492 398 2552 de
430 2492 593 2551 omnibus
626 2493 869 2570 quadrupedis
899 2492 1114 2552 medicinam
1143 2492 1187 2549 de·

190 2584 411 2641 monstrasse
441 2581 593 2640 sufficit.

115 2675 172 2732 999
258 2669 434 2746 Incipiam
462 2671 502 2728 de
533 2670 682 2729 colliria
712 2671 954 2730 iumentorum
979 2670 1136 2731 nomina
1164 2668 1190 2724 el

190 2759 393 2834 qualitates
416 2759 651 2819 colliriorum.
695 2756 830 2835 [nomina
853 2761 884 2818 et
911 2759 1075 2835 qualitates
1099 2756 1187 2817 colli·
1213 2821 1214 2826 .

189 2844 374 2924 riorum]que
404 2847 606 2924 unusquisque
636 2848 751 2922 poneris
784 2849 898 2924 equini,
930 2849 960 2906 et
987 2843 1214 2906 demonstrasse

261 2989 323 3050 leq.
343 2989 441 3036 acume
459 2998 535 3038 eum:
554 2998 622 3036 corr.
642 2982 670 3035 Β
684 2983 723 3051 lla
742 2981 821 3051 ligna
839 2983 848 3051 ΙΙ
867 2986 883 3034 3
902 2981 1038 3050 quadam:
1058 2995 1123 3036 corr.
1141 2978 1186 3046 Bu

188 3058 205 3105 4
224 3052 361 3106 farratum
376 3055 404 3107 B
420 3062 423 3109 Ι
440 3069 504 3108 eum
523 3055 533 3123 ΙΙ
554 3059 570 3108 3
590 3069 657 3108 aneo
674 3054 678 3121 Ι
694 3051 820 3106 urticae?
844 3051 927 3106 ibisci
945 3051 973 3106 Β
994 3053 1004 3122 ΙΙ
1025 3055 1168 3106 7111111111

190 3131 205 3178 8
224 3123 254 3177 in
268 3123 367 3178 addidi
380 3126 389 3193 υ
405 3130 435 3177 11
456 3141 503 3178 eoa
519 3123 556 3179 ad
571 3139 721 3179 summum:
735 3123 936 3193 hyoscyamum
950 3123 978 3178 Β
992 3126 1001 3194 ΙΙ
1017 3128 1096 3194 1411.
1110 3118 1184 3190 quod·
1212 3125 1213 3193 l

189 3195 264 3264 quod
283 3195 378 3264 capita
396 3195 502 3249 fuerint
519 3196 548 3248 Β
567 3199 613 3263 (ea
631 3195 648 3248 l.
663 3198 711 3262 19)
725 3196 736 3264 ΙΙ
750 3201 782 3248 16
801 3195 922 3265 pecoris:
941 3211 1010 3250 corr.
1026 3195 1055 3248 Β
1068 3197 1077 3264 ΙΙ
1091 3199 1121 3246 19
1138 3187 1184 3243 col·

188 3265 343 3335 1111111120
361 3265 516 3321 arefacere:
534 3281 602 3321 corr.
622 3264 866 3336 Β111111111111121
885 3281 964 3320 urere
982 3268 992 3335 i
1011 3271 1045 3320 93
1064 3261 1185 3319 1111111111Ὶ

189 3341 222 3388 26
241 3339 273 3390 ia
290 3353 375 3406 marg.
394 3336 518 3418 Explicit
531 3339 540 3407 ΙΙ
554 3342 633 3406 9811.
653 3335 822 3404 equalitates
837 3339 894 3406 {129
912 3339 944 3390 io
962 3353 1048 3408 marg.
1067 3336 1106 3390 De
1122 3331 1183 3386 colo

188 3405 266 3459 ribus
282 3406 286 3476 1
302 3423 339 3475 sq.
355 3405 525 3460 collimorum
539 3413 564 3462 et
582 3407 706 3462 colorum
723 3409 835 3463 stultam
850 3410 1078 3478 permistionem
1095 3404 1183 3460 aaron

189 3476 269 3540 nefas
287 3492 342 3530 esse
355 3482 439 3543 potat
456 3478 483 3529 Β
497 3480 507 3546 ΙΙ
521 3484 555 3532 30
574 3494 646 3545 quae
668 3478 792 3548 iteneris
