2470 3902
212 143 493 200 MULOMEDICINA
511 137 681 199 omacius
698 150 841 199 ese-ene
988 143 1029 209 ιιι

53 311 167 371 exurgens
188 295 276 354 citius
299 295 452 354 ambulare
480 315 511 354 se
539 297 637 372 ipsum
665 295 762 373 cogit,
790 297 821 354 et
850 296 948 355 solent
970 295 1038 356 cito

48 383 201 461 refrigerari.

113 473 196 530 sicud
208 473 391 551 contingerit
408 473 534 532 eundem
547 473 702 532 humorem
719 473 845 531 interius
863 474 931 549 plus
949 474 1029 534 iusto
1047 474 1105 530 222

45 560 184 635 abundare,
214 562 377 621 volutando
407 563 579 638 frequenter
601 581 637 620 ex
666 563 722 621 hoc
751 561 874 620 humore
904 562 1029 622 interius

27 652 129 709 euentus
150 651 282 709 nubitur
300 654 331 708 et
348 651 383 708 fit
405 651 595 727 tympanites.
628 651 676 709 cui
696 651 737 709 sie
755 650 891 708 celeriter
912 659 1029 710 succur-

43 740 116 813 retur,
133 739 209 797 sient
226 740 361 815 superius
380 740 591 799 demonstravi.
627 740 791 799 volutando
811 741 842 797 et
862 739 1028 798 collidendo

42 844 62 883 se
89 828 207 886 interius
240 828 367 905 aliquid,
398 829 560 905 plurimum
593 831 758 903 omentum,
789 831 910 902 rumpat
938 830 969 886 et
995 828 1030 885 fit

41 917 209 990 tympanitas
256 937 292 976 ex
324 936 382 992 quo
415 935 556 993 praesens
588 918 669 977 vitae
706 916 871 992 periculum
906 917 1029 974 faciunt.

41 1003 81 1061 boc
109 1006 214 1064 vitium
246 1007 272 1064 si
304 1006 420 1065 auferre
453 1007 535 1065 voles
567 1009 598 1064 et
628 1024 800 1082 percurare,
836 1025 872 1064 ne
909 1008 1029 1080 postero

19 1094 160 1170 spatiatur,
178 1095 270 1154 facies
284 1095 490 1170 paracentesin
504 1095 540 1152 de
554 1097 657 1154 ventre
677 1098 707 1152 et
725 1095 857 1154 detrahis
875 1095 1029 1153 humorem

41 1183 196 1242 exteriorem
218 1187 351 1259 partem,
384 1203 420 1242 ox
442 1203 500 1259 quo
531 1183 587 1242 hoc
610 1185 718 1242 vitium
745 1184 951 1259 conceperunt.
998 1185 1029 1242 et

40 1271 187 1343 potionabis
210 1273 333 1332 decocta
360 1273 398 1330 ad
425 1289 546 1331 causam
571 1273 731 1331 facientem
757 1273 934 1348 perplures
957 1272 1028 1331 dies.

40 1360 74 1415 cui
94 1364 122 1418 et
146 1379 273 1436 scopum
300 1362 392 1420 facies
424 1362 634 1419 termenticum
666 1364 696 1421 et
723 1361 902 1438 perungebis
931 1364 1029 1420 totum

40 1449 122 1525 tergus
143 1454 174 1508 et
196 1466 283 1510 renes
311 1450 483 1509 cottidianis
513 1450 616 1508 diebus
646 1469 768 1508 numero
791 1451 845 1508 XX
874 1445 879 1529 1
909 1453 939 1510 et
961 1469 1028 1526 per·
1054 1452 1165 1512 117'b

16 1537 189 1596 reuinctutim
204 1557 372 1616 exercequc.
397 1539 537 1597 mollibus
551 1539 623 1597 cibis
639 1538 794 1597 adiuvabis
808 1540 893 1599 hunc.
922 1539 1028 1597 deinde

40 1629 91 1696 post
110 1628 231 1686 tertium
258 1647 413 1686 numerum
440 1628 555 1686 dierum
577 1628 696 1686 renibus
724 1627 905 1704 caustigabis
933 1629 1028 1687 etsie

40 1712 149 1790 inopere
163 1717 268 1775 mittis.
300 1717 506 1792 paracentesin
525 1717 561 1775 de
579 1719 682 1776 ventre
697 1717 738 1775 sic
753 1716 852 1775 facies
884 1717 967 1773 IIII
982 1717 1027 1774 di·
1046 1719 1103 1776 228

41 1802 92 1874 gitis
125 1805 162 1865 ab
203 1806 351 1864 umbelico
383 1805 501 1884 longius
538 1805 577 1863 ad
612 1808 760 1864 eereemm
796 1823 898 1864 versus
930 1805 1027 1864 medio

41 1890 137 1952 elmete
159 1895 273 1953 ventris
301 1895 443 1972 sagittam
470 1894 596 1954 subicies
623 1895 762 1967 alteriue,
789 1896 824 1951 ut
852 1893 1027 1969 peritoneon

17 1977 117 2053 bissum
151 1983 276 2059 aperias.
331 1983 497 2042 metraliter
532 1983 637 2059 facies,
673 2003 710 2040 ne
746 1983 889 2041 intestina
925 1983 1027 2042 laedas

41 2073 140 2145 propter
161 2073 327 2149 pericnlum
350 2073 438 2130 vitae.
484 2075 622 2148 exempta
649 2072 763 2149 sagitta
795 2072 919 2131 subicies
943 2072 1027 2131 fistu-

41 2153 89 2216 lam.
131 2161 256 2236 incipiet
276 2161 383 2219 humor
405 2179 435 2219 se
458 2161 531 2219 foris
559 2161 738 2220 abstrahere.
789 2181 877 2236 quem
900 2161 1027 2238 excipies

41 2241 61 2301 in
75 2267 150 2307 vaso.
193 2249 327 2308 invenies
355 2250 428 2308 lotoi
451 2250 590 2325 similem,
620 2250 785 2325 limpidum.
838 2251 924 2309 malis
955 2270 1026 2309 vero

42 2349 80 2394 non
101 2339 195 2397 minus
219 2339 389 2397 sextarium.
434 2338 490 2396 hoo
517 2339 608 2396 facies
637 2341 667 2396 et
695 2339 750 2414 eis,
781 2327 838 2414 qui
860 2339 972 2414 stupidi
996 2342 1027 2398 et

22 2426 116 2502 tungri
137 2429 208 2486 sunt
230 2427 393 2487 coactionis
416 2427 498 2504 longi
520 2428 663 2502 temporis
692 2427 842 2486 beneficio.
888 2428 1027 2486 similiter

44 2516 145 2592 emon,
167 2517 247 2575 sicut
274 2517 530 2590 suprascriptum
562 2519 615 2591 est,
647 2537 701 2592 per
723 2517 846 2574 eandem
872 2517 1025 2591 potionem

43 2614 123 2676 eorpus
139 2605 230 2663 illius.
269 2623 374 2662 sanum
391 2604 451 2663 fiet.
493 2604 599 2680 quibus
623 2605 706 2663 dabis
730 2609 760 2663 et
781 2605 893 2662 nitrum
917 2605 1024 2664 crible-
1042 2605 1100 2660 224

44 2686 84 2747 ton
104 2694 250 2768 paulatim
273 2693 444 2752 cottidianis
462 2692 565 2752 diebus
583 2694 614 2751 in
633 2693 784 2752 cibariam.
822 2711 922 2752 omnes
941 2711 1023 2752 aeres

44 2789 130 2840 snores
158 2787 188 2841 et
218 2782 393 2858 spurcitiam
422 2782 554 2857 corporis
583 2782 712 2841 excludit
740 2785 771 2840 et
798 2784 913 2840 curatos
941 2781 1022 2841 facit.

24 2871 38 2912 ²⁰
86 2871 285 2930 vehementem
321 2874 352 2929 et
387 2870 607 2929 intolerabilem
643 2872 775 2931 dolorem
815 2871 1025 2928 intestinorum

46 2962 170 3020 Praestent
196 2959 334 3018 lumbrici
363 2963 393 3018 et
415 2977 542 3035 vermes,
570 2961 695 3019 interius
724 2960 749 3018 si
777 2959 927 3018 abundare
960 2978 1025 3017 coe·

47 3065 228 3089 ’κῇ-

93 3152 103 3197 1
126 3151 293 3217 assurgens
316 3146 378 3216 ch.
401 3149 411 3215 ΙΙ
434 3151 458 3199 ὅ
470 3146 493 3198 si
516 3149 525 3216 ιι
548 3152 564 3199 6
585 3146 729 3228 volitando
752 3150 762 3215 Ιι
785 3152 819 3199 10
842 3149 1024 3215 persecutas

47 3203 98 3269 ide:
112 3233 179 3272 corr
199 3219 332 3288 esequire
357 3217 756 3287 nossessiones„
779 3223 812 3270 1⁷
836 3233 886 3287 per
909 3219 1023 3272 scensas

48 3281 98 3411 hili:
113 3289 403 3430 'adlggngdroinmpml'g
418 3289 486 3426 [1172819
490 3287 610 3429 salgllttd's
620 3288 808 3428 1fl823feffim
814 3291 1024 3415 pappsffips

50 3415 153 3541 {totto
171 3431 275 3485 curati:
299 3432 413 3484 curato?
426 3432 436 3500 ΙΙ
450 3435 484 3482 28
502 3446 583 3484 omne
602 3446 680 3484 sacre
699 3447 819 3486 sumere:
838 3447 906 3486 corr.
931 3431 991 3502 Vey.
1014 3433 1025 3504 ιι

50 3490 188 3556 bruneus
214 3504 224 3572 ΙΙ
251 3507 286 3555 30
310 3501 529 3572 Ve9.1116,1
564 3505 568 3570 ι
601 3501 780 3556 vehementer
802 3507 811 3574 ΙΙ
838 3509 871 3557 31
897 3506 1024 3573 praestat

828 3592 863 3644 5*
