2462 3906
210 130 492 186 MULOMEDIOENA
511 129 682 186 calaorra
701 136 842 185 sor-ssa
964 129 1030 195 287

43 279 99 340 haec
116 282 178 340 erit.
216 285 285 340 sunt
307 284 407 341 autem
425 281 500 341 certi
519 281 631 340 colores
652 281 685 338 in
704 281 787 356 equis
809 299 931 340 numero
950 281 1041 358 Vm,

42 387 150 442 qnorum
177 373 208 429 et
234 371 356 430 nomina
383 373 464 430 certo
491 370 637 429 vocabulo
664 371 856 429 continentur
881 371 943 428 sine
970 371 1034 429 ulls

39 459 263 535 praesumptione
290 460 396 518 coloris
424 459 461 518 ab
485 459 629 518 alterutro
652 459 812 518 commixti.
857 477 927 517 nam
950 463 1034 518 extra

40 565 176 606 nnmerum
204 566 320 621 eorum,
353 549 404 624 qui
435 548 515 606 infra
547 547 659 624 scripta
689 550 770 624 sunt,
797 547 897 622 plures
925 547 1034 608 diversi

22 635 130 695 scolaris
155 638 276 714 vulgari
301 638 420 698 nomine
442 638 643 697 inveniuntur.
689 655 814 712 quorum
840 637 919 695 ratio
947 640 1033 695 natu-
1063 707 1066 716 Ι

38 724 97 783 ralis
122 728 151 784 et
178 725 325 785 uocabula
347 722 540 785 inveniuntur
568 745 587 784 a
613 726 808 801 permixtione
837 744 951 803 eorum,
982 726 1034 801 qni

38 813 230 891 infrascripta
249 819 326 874 sunt.
367 834 438 874 nam
461 817 541 874 certa
564 815 686 873 nomina
709 815 816 874 coloris
841 814 914 872 hoec
936 816 1032 873 erunt.

38 903 133 974 primns
165 903 264 979 albus,
297 904 441 963 secundus
467 905 581 980 rolens,
614 904 722 963 tertius
754 903 877 980 badeos,
909 905 1033 980 quartus

37 993 165 1069 murtena,
193 993 315 1068 quintus
337 993 433 1071 niger,
456 994 555 1052 sextus
579 992 704 1069 Spanns,
727 993 870 1068 septimus
893 993 1033 1066 cervinus,

12 1082 143 1140 rccctsvus
165 1083 253 1159 gilas.
1052 1078 1154 1139 157'b

399 1199 582 1265 LIBER
613 1199 655 1264 X.

89 1311 132 1370 De
154 1312 259 1387 primis
286 1312 484 1387 pecoribus.
530 1312 570 1371 ad
591 1311 780 1389 purgandum
802 1314 892 1388 caput
917 1312 1031 1370 iumen·
1050 1312 1106 1368 961

36 1398 66 1456 tis
89 1401 242 1475 pulverem
268 1421 321 1476 per
347 1419 433 1460 nares
457 1401 558 1460 mittes
582 1402 630 1460 die
653 1419 757 1459 serena
779 1401 842 1460 sole
865 1400 975 1482 calido,
1002 1404 1033 1458 et

36 1506 104 1548 renes
133 1492 164 1549 et
190 1489 342 1548 cerebrum
368 1491 432 1549 oleo
462 1491 595 1568 inunges,
642 1489 797 1565 suspendis
825 1489 974 1548 modicum
1004 1492 1034 1546 et

13 1593 27 1632 u
36 1581 91 1649 post
110 1579 292 1653 praepedito.
337 1579 439 1637 fabam
461 1579 610 1656 integram
632 1578 824 1652 manducent,
853 1579 889 1635 ut
916 1578 1033 1655 eiciant,

36 1665 54 1722 si
81 1667 152 1742 quid
181 1667 213 1725 in
246 1667 365 1726 cerebro
396 1667 515 1726 habent
561 1668 727 1726 euforbium
759 1665 780 1730 3
810 1665 885 1740 HH,
921 1666 1033 1741 piperis

35 1753 133 1832 51111,
157 1755 263 1814 folium
286 1758 307 1821 3
330 1755 400 1833 ΠΗ,
423 1756 561 1816 concordi
584 1755 697 1822 31111.
742 1755 816 1814 haec
839 1755 939 1813 omnia
964 1756 1032 1812 tnn-

36 1841 75 1901 des
96 1848 127 1903 et
149 1845 263 1904 misces.

87 1936 121 1992 ut
149 1952 255 2008 corpus
281 1933 483 1993 iumentorum
515 1934 540 1992 si
571 1934 663 1992 aeris
690 1934 778 2008 exile,
810 1932 849 1991 ed
876 1950 906 1991 se
934 1952 1030 1991 rever·
1049 1932 1106 1986 962

11 2021 109 2081 utatur.
163 2023 317 2097 potionem
353 2023 394 2082 sic
430 2023 530 2083 facies.
575 2023 680 2083 folium
717 2025 737 2090 3
764 2021 808 2097 H,
844 2021 919 2080 costi
946 2021 967 2084 3
994 2021 1033 2098 11,

35 2108 106 2169 aloen
135 2109 223 2186 311,
250 2111 309 2170 irin
335 2099 448 2170 Hlin'ca
476 2111 594 2187 31111,
621 2129 740 2169 murrae
768 2115 788 2178 5
815 2110 874 2186 ΙΠ,
906 2111 1032 2169 samsuci

34 2195 100 2278 ΞΠ,
125 2200 267 2276 drogenti
289 2199 384 2274 5111,
407 2200 485 2259 croci
507 2201 527 2264 5
549 2201 572 2276 I,
595 2199 735 2260 melliloti
758 2219 796 2258 m.
814 2199 882 2276 VH,
908 2198 1033 2258 xilobal-

33 2289 94 2346 sami
123 2287 244 2362 31111,
275 2289 384 2348 amomi
406 2289 426 2354 3
450 2289 519 2348 HH.
569 2289 643 2347 haec
673 2288 775 2348 omnia
800 2307 822 2346 s.
846 2306 867 2346 s.
895 2288 968 2347 teris
1003 2292 1033 2347 et

33 2376 181 2436 crebellata
209 2377 310 2436 mittes
337 2378 369 2437 in
397 2397 489 2437 aeneo
524 2379 572 2437 vel
599 2380 723 2455 stagneo
756 2379 787 2436 et
819 2377 935 2436 adiecto
962 2377 1032 2436 vino

9 2477 23 2518 a
32 2466 109 2542 utere,
133 2466 344 2541 pertriduum
366 2466 459 2525 dabie.

85 2556 123 2614 ad
147 2554 284 2614 morbida
306 2555 439 2614 iumenta
462 2558 492 2614 et
514 2555 553 2614 ad
575 2555 764 2614 comitialem.
799 2573 888 2613 ovum
909 2553 1030 2630 franges
1049 2551 1107 2608 963

32 2642 55 2697 et
80 2644 178 2703 mittis
210 2644 243 2702 in
274 2645 408 2719 vasculo,
439 2644 472 2702 in
504 2644 607 2703 eodem
639 2663 695 2703 ovo
727 2643 823 2701 mittis
859 2641 1032 2718 liquaminis

32 2732 123 2804 optimi
141 2734 257 2792 obolum
269 2752 370 2808 unum,
390 2734 470 2791 laser
487 2733 519 2790 in
537 2733 607 2792 vino
625 2732 757 2791 infusum
775 2749 944 2790 mensuram
963 2748 984 2789 s.
1000 2748 1032 2804 a,

31 2815 130 2880 loteum
158 2821 245 2896 pueri
271 2821 396 2900 virginis
422 2840 592 2880 mensuram
619 2839 682 2880 ss.
715 2820 788 2879 haec
816 2819 916 2878 omnia
943 2818 1031 2877 simul

8 2908 112 2968 amixta
143 2929 198 2985 per
226 2911 347 2969 naribus
376 2911 481 2969 mittas
511 2914 541 2968 et
568 2912 704 2986 tempora
731 2911 762 2967 et
788 2925 872 2966 renes
901 2908 937 2966 de
965 2908 1030 2966 oleo

30 2993 144 3076 inunges
168 3002 199 3057 et
221 2999 312 3058 facies
336 2999 533 3058 deambulare.
579 2999 640 3058 alia
668 2998 715 3056 die
744 2996 890 3056 contunde
916 2997 1031 3055 cotulas

89 3139 104 3186 3
119 3131 314 3203 peremptione
334 3130 462 3187 colliriis:
482 3148 549 3188 corr.
565 3133 592 3186 B
606 3134 615 3201 11
629 3137 646 3184 4
659 3129 777 3184 diversis
791 3131 800 3199 11
815 3135 830 3183 7
844 3130 897 3183 hoe
914 3131 917 3198 1
937 3145 975 3198 sq.
994 3130 1029 3197 cf.

31 3199 129 3259 Pallae.
140 3204 191 3258 IV
202 3208 274 3270 13‚4
287 3207 296 3274 11
311 3209 325 3256 9
341 3204 463 3274 Spanus:
478 3221 564 3258 canus
574 3203 602 3256 B
618 3206 622 3270 1
639 3199 797 3256 scurninus:
811 3217 879 3255 corr.
891 3200 1001 3254 Pullcd.
1021 3201 1030 3272 11

32 3275 57 3324 10
69 3274 141 3344 gilas
152 3301 187 3321 ε
197 3274 290 3344 gilvus
306 3275 310 3345 1
326 3275 425 3329 subscr.
436 3274 560 3344 Explicit
573 3273 646 3328 liber
658 3289 749 3326 nonus
764 3271 865 3326 Chiron
880 3274 1030 3326 centaurus

30 3338 59 3395 Et
76 3345 209 3416 absyrtus
231 3345 352 3400 feliciter
373 3345 477 3414 incipit
500 3345 573 3400 liber
596 3343 721 3399 decimus
741 3343 871 3414 11111σὲ1111
891 3342 1029 3413 15711111

32 3417 56 3466 11
73 3419 142 3486 aput
154 3419 165 3487 11
181 3421 213 3471 15
227 3415 394 3486 praepedita
406 3418 416 3486 11
431 3421 463 3470 11
483 3414 603 3472 scordii‘?
616 3418 626 3486 11
639 3421 672 3469 23
693 3413 797 3469 amonii
810 3416 820 3484 11
834 3420 869 3468 24
887 3431 955 3468 eneo
972 3417 976 3484 1
992 3415 1030 3468 ad

30 3489 107 3543 recto:
126 3504 195 3543 corr.
215 3489 243 3542 B
256 3491 266 3558 11
280 3493 314 3542 18
334 3503 429 3542 ovum:
448 3503 515 3543 corr.
531 3488 559 3541 B
572 3490 581 3558 11
597 3493 628 3541 31
649 3486 800 3542 contunde:
820 3485 954 3540 infunde?
