2512 3906
189 159 266 215 XXX

623 160 811 216 ADDENDA.

189 304 238 358 uel
255 312 311 358 τῶν
330 303 554 360 ὀπιοδοτονικων
572 305 603 359 δὲ
624 305 670 358 δεῖ
722 302 851 357 similiter
887 305 916 357 et
952 303 1106 372 posteriora
1138 304 1208 358 loca

740 372 881 443 oportebit
893 372 975 442 inuri,
991 373 1042 447 <in
1057 374 1204 429 adversam

739 445 871 528 partem>
890 445 965 499 enim
982 461 1011 500 se
1025 445 1138 500 morbus
1153 446 1206 500 ab·

207 372 298 430 καίειν
331 375 397 439 τούς
433 375 534 438 αύτούς
564 374 669 439 τύποος

207 443 301 509 ούτως.
351 445 518 502 ἀνασπᾶται
551 445 604 517 γὰρ
635 446 668 501 τὸ

205 517 308 579 πάθος.

741 517 842 570 strahrt

188 589 238 644 τὸν
270 586 301 642 δὲ
333 588 495 657 νεφριτικδν
528 587 668 657 καύσομεν
722 587 771 657 qni
807 559 968 656 adpellatnr
998 586 1109 642 nefritis
1141 589 1202 656 (lic.

206 657 279 714 κατὰ
301 657 350 713 τδν
373 659 526 727 σύνδεσμον
548 667 604 713 τῶν
626 659 667 712 io·

225 728 276 784 ίων
289 735 338 784 καὶ
351 737 400 800 τῆς
416 731 535 793 κύστεως
547 727 668 800 γόμφοις

206 752 318 870 ύρθίοις
331 800 367 870 μὴ
382 798 505 856 πλείοσιν
520 799 666 855 εἰκοσιτεσ-

207 871 300 940 σύρων
310 869 374 940 παρ’
388 867 668 942 ἑκύτερατήςύύχεως

206 944 271 1006 τούς
292 941 399 1011 ἡμίσεις
415 939 585 1068 τριστοιέίαν
602 961 666 997 ποι-

206 1014 320 1083 ούμενοι
342 1011 499 1084 ἀπέχοντας
535 1009 563 1067 π’
584 1013 666 1082 ἀλλή-

206 1089 261 1140 λων
283 1082 387 1146 πλάτος
410 1084 553 1138 δακτύλων
573 1093 664 1152 τριῶν.

187 1438 272 1495 τὰδὲ
291 1437 508 1508 παραπρίσματα
528 1438 668 1507 καύσομεν

204 1509 283 1578 παρὰ
300 1510 352 1580 τὴν
371 1510 461 1581 lyaeo,
480 1509 529 1566 ἐὰν
548 1505 566 1584 ᾖ
582 1507 667 1578 πρόσ-

206 1601 283 1651 φατα
301 1582 350 1636 καὶ
368 1580 470 1636 ἁπαλοί,

206 1944 301 2004 πῶρον
324 1932 356 1990 δὲ
378 1934 551 2006 πεποιηκότα
573 1934 666 1992 ούκύτι

182 2013 183 2018 ’
205 2005 299 2076 σφυρὰ
321 2006 419 2061 δὲκαὶ
440 2007 546 2077 γόνατα
566 2008 666 2062 καύσο-

204 2096 255 2146 μεν
278 2078 461 2148 μανδακηδὸν
483 2078 511 2144 ἐξ
534 2077 667 2148 ἐπιπολῆς

205 2147 254 2203 διύι
271 2149 303 2203 τδ
318 2144 391 2204 εἶναι
408 2148 459 2204 τὸν
476 2147 563 2205 τύπον
581 2148 666 2220 ψιλὸν

205 2219 253 2274 καὶ
271 2219 451 2288 κατύνενρον.

187 2432 255 2489 ὅταν
278 2430 309 2486 δὲ
333 2426 351 2505 ᾗ
372 2431 476 2488 ἐκτῶν
495 2431 666 2501 δδοιποριῶν

203 2504 252 2558 καί
278 2501 401 2573 φορτίων
424 2500 504 2573 ύύσιν
528 2504 597 2575 ἔχων
620 2504 666 2560 ἐπὶ

204 2576 236 2631 τὸ
259 2573 328 2645 μόνα
357 2573 374 2643 ἢ
401 2574 431 2629 ἐκ
458 2576 666 2646 προςκρούσμα-

202 2666 250 2710 τος
280 2654 353 2736 πονῇ
391 2647 460 2701 αύτδ
488 2647 536 2701 καί
563 2647 666 2718 χωλεύῃ

203 2715 321 2790 χρονίας
329 2739 347 2787 η
357 2717 509 2785 ὀλισθήσας
517 2718 565 2772 καί
573 2717 664 2773 πεσὼν

203 2788 332 2844 διάτασιν
359 2787 441 2860 πύθῃ
468 2798 523 2844 τῶν
553 2787 664 2858 ὀστέων,

203 2858 220 2929 ἢ
235 2859 270 2914 τὰ
285 2859 379 2930 σφυρὰ
392 2858 421 2924 ἐξ
435 2859 604 2928 ὁδοιποριῶν
616 2863 666 2916 καὶ
680 2923 684 2930 ,

203 2929 327 3001 φορτίων
346 2928 483 3002 συμβαίνῃ
503 2941 601 2987 πονεῖν
617 2933 665 2987 καί

202 3001 237 3056 τὰ
265 3001 296 3058 ἐν
319 3003 415 3065 αύτούς
436 3010 522 3071 νεῦρα
545 3003 594 3057 καί
615 3001 666 3065 τὰς

202 3072 336 3143 ἀρτηρίας
354 3072 490 3129 οἰδαίνειν
511 3074 559 3128 καί
578 3071 665 3144 γίνεσ-

202 3146 257 3198 θαι
284 3143 314 3198 ἐκ
341 3145 440 3199 τούτου
469 3143 663 3215 παρύσφνρον,

202 3214 251 3268 καί
269 3223 369 3270 τοῦτον
387 3217 432 3270 δεῖ
448 3214 546 3270 καίειν.

739 663 848 714 17—20
861 659 985 728 interpol.
1005 675 1024 712 a
1039 659 1155 714 Chirone
1168 676 1205 714 ecc

739 733 793 784 153
802 742 830 780 ον
840 746 878 798 ορ.
893 746 971 800 qaue,
984 730 1055 784 sicut
1067 736 1150 784 autea
1164 731 1204 785 ad

738 800 937 856 emendandam
945 805 1099 856 contectum
1110 801 1204 856 cerbo-

738 887 801 925 rum
819 872 965 995 αύλιιύοδοὲ
977 871 1052 925 hunc
1064 871 1205 926 inurimua

736 959 788 1011 per
800 945 875 996 totos
886 942 946 996 lum
966 959 997 996 os
1006 943 1133 1012 usquead
1141 959 1204 997 ver·

737 1013 865 1068 tebulum
878 1012 1038 1067 lumborum
1047 1016 1076 1067 et
1082 1014 1204 1082 vesicae,

737 1087 843 1154 puncta
860 1087 938 1139 recta
955 1101 1012 1138 non
1030 1083 1094 1153 plus
1109 1091 1143 1138 24
1161 1085 1203 1139 al-

737 1155 824 1209 ternis
847 1155 936 1210 dorsis
959 1155 1063 1225 digitos
1081 1159 1139 1210 tres
1158 1174 1204 1210 or·

738 1227 818 1281 dines
840 1228 897 1281 tres
920 1226 1055 1281 facientes
1079 1227 1116 1281 ab
1137 1227 1203 1282 aliis

738 1297 794 1351 alio
809 1297 947 1352 nsanos
960 1296 1113 1353 latitudine
1128 1298 1203 1368 digi-

739 1368 777 1423 tis
795 1367 894 1422 tribus.

722 1441 751 1494 et
768 1439 829 1508 ipse
847 1439 925 1506 vitia,
945 1455 1017 1510 quae
1030 1439 1074 1493 uri
1089 1440 1203 1507 debent,

739 1513 950 1580 parapresmata
1013 1511 1201 1580 appellantur.

739 1597 811 1651 quae
833 1581 904 1636 fiunt
926 1581 956 1635 in
975 1582 1103 1636 concavis
1121 1584 1204 1637 testi-

739 1653 865 1707 culorum
893 1651 1085 1717 (articnlorum
1115 1671 1139 1708 u.
1164 1655 1202 1724 λ),

739 1725 821 1795 [quas
847 1723 1011 1778 melcerides
1033 1724 1202 1796 appellant],

738 1797 767 1848 et
788 1795 860 1849 haec
881 1795 945 1864 ipsa
968 1795 1082 1862 adures,
1111 1795 1135 1849 si
1157 1796 1202 1849 fu·
1249 1813 1250 1852 i

738 1866 811 1921 erint
838 1865 935 1920 mollia
963 1868 992 1920 et
1018 1882 1098 1920 nova.
1137 1883 1201 1920 cum
1249 1901 1250 1923 l

737 1937 929 1992 induraverint
942 1940 970 1991 et
978 1937 1157 2005 veteruerint,
1172 1939 1201 1991 in

737 2011 829 2062 totum
864 2026 921 2062 non
953 2011 1019 2062 sunt
1047 2009 1200 2079 tangenda.

737 2095 804 2132 nam
816 2078 929 2148 plantas
944 2081 973 2134 et
986 2095 1078 2149 genua
1087 2083 1200 2134 urentes

738 2152 830 2220 (urant
840 2153 901 2220 exi)
915 2150 1136 2205 honorationem
1146 2169 1202 2205 non
1248 2147 1249 2168 ¹

737 2221 801 2290 plus
820 2221 1000 2276 altitudinem
1015 2238 1117 2289 eorum,
1137 2222 1201 2276 ideo

737 2292 805 2361 qnia
822 2291 885 2361 ipsa
902 2292 966 2346 loca
984 2292 1069 2346 exilia
1088 2296 1154 2348 sunt
1173 2297 1202 2347 et

737 2362 856 2432 gracilia
874 2366 903 2418 et
922 2363 1057 2418 nerviosa.

720 2451 785 2489 cum
811 2435 924 2502 quando
948 2435 1022 2489 euim
1044 2435 1201 2489 iumentum

738 2521 772 2560 ex
798 2505 844 2559 via
872 2508 922 2560 aut
944 2522 978 2560 ex
1001 2506 1111 2560 sarcina
1134 2507 1202 2559 duc-

738 2576 823 2631 tionis
855 2576 1037 2644 laboraverit,
1071 2575 1201 2631 naturale

738 2646 845 2730 liabens
863 2650 976 2702 tenuem
995 2648 1113 2715 corium,
1132 2649 1201 2702 dum

736 2719 1201 2872 ulaauuotuau

736 2864 807 2930 pret,
833 2865 862 2915 et
889 2862 955 2916 inde
983 2861 1125 2916 claudicat
1150 2878 1201 2932 per

737 2931 852 3000 aliquod
874 2932 1008 3001 temporis
1031 2935 1060 2986 et
1082 2949 1132 3002 per
1152 2949 1200 2988 ne-

736 3002 904 3073 gligentiam
919 3006 1026 3058 crescat
1040 3006 1090 3058 aut
1103 3003 1200 3073 lapsus

737 3073 878 3140 ceciderit,
889 3074 953 3128 ideo
963 3073 1088 3129 offendat
1095 3091 1199 3140 ossum,

736 3148 773 3214 (p.
790 3150 851 3213 16⁶)
870 3161 965 3199 rarum
983 3162 1095 3214 quoque
1113 3147 1200 3201 inter-

735 3215 1199 3286 vallumfaciateodemetplantae

734 3285 865 3342 laborant
874 3304 908 3342 ex
916 3287 1013 3342 labore
1025 3288 1136 3342 viarum
1150 3292 1200 3342 aut
1245 3285 1246 3316 ί

735 3374 768 3412 ex
789 3358 914 3413 sarcinae
936 3359 1109 3425 ductionem,
1133 3360 1199 3414 inde

734 3429 809 3483 enim
828 3430 968 3500 contingit
986 3430 1110 3484 dolorem
1128 3431 1198 3497 fieri,

734 3500 782 3570 qui
797 3504 862 3555 sunt
874 3501 904 3554 in
916 3501 1021 3570 plantis
1031 3502 1109 3555 nervi
1119 3502 1198 3558 labo·
1244 3537 1245 3544 ι
