2470 3902
199 113 263 177 116
383 112 665 168 MULOMEDIOINA
685 111 854 168 CHIRONIS
874 118 1015 167 381—384

198 263 318 324 sinistro
337 263 486 322 videbitur
503 263 679 340 claudicare,
699 263 750 322 0101
768 265 799 321 11
817 263 954 322 dextrum
971 257 1106 322 habuerit
1122 264 1197 322 clau-

198 352 337 430 diginem.
374 353 418 410 ita
437 355 549 411 curato.
585 353 704 411 include
723 371 792 410 eum
809 353 874 412 1000
893 352 1059 428 tenebroso,
1081 353 1130 410 ubi
1150 372 1197 411 100

197 442 298 500 lumen
320 441 436 499 viderit.
482 442 583 519 ignem
604 441 647 498 ibi
669 441 761 499 facito
778 445 820 505 ,61
842 442 922 519 sagis
946 441 1062 517 operito
1084 442 1140 518 ita,
1166 463 1197 500 ue

199 531 279 589 oculi
302 530 364 588 eius
383 533 557 607 appareant.
593 529 638 590 bis
657 530 704 587 die
724 529 789 589 oleo
808 532 839 588 et
856 530 926 590 vinc
949 530 1100 589 defricato.
1129 530 1197 607 lapi-

121 619 178 674 381
199 619 249 677 des
273 619 401 678 molares
429 639 465 677 ne
492 620 590 677 minus
612 619 640 674 V
663 619 695 676 in
717 618 817 696 ignem
843 619 999 694 imponito.
1046 639 1112 679 cum
1132 619 1224 677 benet

199 708 370 784 caldaverit,
388 726 477 783 pecus
496 708 534 765 ad
552 707 641 783 pedes
656 712 743 782 caput
760 709 899 781 60961610
915 711 946 766 61
963 707 1017 767 sub
1035 727 1121 768 nares
1142 709 1197 768 oleo

78 797 181 857 126'b
200 815 250 855 eos
276 797 413 872 perfusos
444 797 606 873 fumigato,
626 791 630 874 Ι
651 798 682 854 01
707 815 762 872 per
788 796 850 856 dies
873 797 933 854 VII
963 797 1010 856 his
1037 797 1197 873 potionibus

200 905 267 944 eum
291 884 423 944 curabis:
456 885 631 962 sanguinem
663 884 817 961 caprinum
849 905 916 944 cum
947 886 1025 944 lacte
1059 886 1140 961 ovili,
1170 886 1198 944 sil

201 973 362 1048 Gallicum,
390 976 517 1050 costum,
546 975 657 1049 cleum;
689 974 763 1032 haec
785 974 817 1031 in
839 994 898 1033 uno
921 975 1077 1034 inmisceto
1102 979 1132 1034 et
1154 993 1197 1050 per

198 1064 261 1122 dies
283 1063 370 1120 XVII
392 1063 514 1138 potione
538 1063 617 1122 dato.
663 1081 768 1122 sanum
790 1063 850 1121 fiet.
1207 1081 1223 1118 u

123 1151 181 1207 382
266 1151 423 1209 XXXVIH
449 1152 494 1209 De
521 1151 589 1209 bile.
635 1152 660 1209 si
689 1152 767 1226 quod
789 1152 956 1210 iumentum
981 1151 1043 1210 bile
1070 1153 1197 1211 molesta·

197 1241 288 1312 bitur,
303 1240 388 1317 signa
407 1243 494 1299 erunt
515 1241 596 1298 haec.
629 1241 777 1299 concurrit
796 1259 830 1300 ac
848 1240 1001 1300 volutatur
1018 1241 1197 1316 temporibus,

199 1329 338 1388 similiter
357 1332 392 1387 ut
414 1330 566 1388 0110100110.
601 1329 642 1387 010
664 1329 721 1388 hoc
739 1332 850 1388 curato.
884 1329 1061 1406 sanguinem
1078 1330 1197 1389 emittite

199 1417 235 1476 de
257 1417 369 1477 cervice
395 1421 425 1476 et
449 1418 602 1493 potionem
622 1417 706 1476 dato:
739 1417 862 1476 herbam
888 1418 1064 1496 trisaginem
1092 1419 1198 1497 nigram

199 1507 389 1582 sescunciam,
406 1507 528 1565 herbam
541 1506 716 1584 trisaginem
730 1506 830 1566 albam
842 1507 939 1582 pondo
952 1508 1115 1583 sescuncia,
1128 1521 1222 1583 mag-1⁵

199 1614 270 1653 man
289 1597 366 1654 croci
389 1595 421 1659 5.
466 1595 634 1654 inmiscebis
653 1595 756 1654 vinum
779 1597 810 1654 61
835 1595 967 1672 pisatum
989 1615 1056 1655 cum
1078 1597 1158 1655 nitro
1175 1596 1197 1652 61

143 1729 146 1736 ,
200 1684 353 1760 potionem
380 1684 450 1743 dato
478 1705 514 1742 ex
540 1703 620 1760 aqua
647 1684 743 1742 mulsa
772 1684 900 1742 eminam
928 1704 981 1760 per
1007 1703 1113 1744 narem
1141 1683 1197 1744 sini·
1230 1721 1231 1724 =

200 1775 301 1848 stram,
323 1775 359 1832 ut
381 1791 402 1832 0.
422 1792 444 1832 0.
468 1776 520 1832 est.
566 1791 670 1831 sanum
692 1773 751 1830 fiet.

124 1863 181 1918 383
267 1862 392 1920 XXXIX
413 1861 458 1920 De
481 1861 540 1919 bile
564 1862 656 1920 arida.
702 1861 727 1919 si
751 1862 830 1936 quod
852 1861 1018 1920 iumentum
1040 1862 1103 1922 bile
1127 1862 1198 1922 arida

200 1951 371 2025 vexabitur,
398 1951 474 2008 nihil
502 1969 566 2009 eccm
589 1968 690 2009 curare
711 1951 831 2026 poterit.
878 1970 947 2028 ergo
969 1953 1103 2010 murtam
1126 1965 1222 2030 agre-u

201 2043 277 2099 stem
304 2059 371 2098 cum
397 2039 467 2099 vino
499 2040 660 2097 contritam
690 2039 845 2098 infundere
876 2040 908 2098 in
940 2039 1076 2098 dextram
1108 2059 1198 2099 narem

201 2128 329 2202 debebis,
353 2128 440 2187 ordeo
464 2130 565 2186 autem
590 2147 649 2186 non
673 2128 791 2206 satiare,
814 2130 846 2188 in
869 2129 947 2187 farre
971 2129 1085 2188 triticeo
1113 2131 1197 2206 potic-

202 2237 270 2274 nem
294 2217 364 2274 dare
388 2237 423 2274 ex
446 2235 524 2292 aqua
548 2219 674 2292 oportet.

124 2305 181 2362 384
267 2304 320 2363 XL
342 2305 387 2363 De
414 2305 537 2365 vomica.
583 2305 609 2364 si
637 2306 715 2381 quod
743 2306 910 2365 iumentum
937 2307 1094 2365 avomica
1124 2324 1197 2367 vexa·

129 2433 130 2436 1
201 2394 295 2470 bitur,
317 2395 366 2452 hic
399 2394 516 2452 morbus
549 2394 635 2452 valde
662 2396 762 2471 gravis
791 2397 843 2452 est.
894 2395 979 2472 signa
1007 2398 1095 2454 erunt
1122 2396 1223 2454 huiuss

200 2484 282 2542 haec.
327 2482 459 2541 incidens
487 2482 648 2549 difficiliter
674 2485 817 2561 resurgit,
845 2487 875 2542 et
903 2483 994 2543 olebit
1022 2485 1048 2542 61
1078 2486 1197 2560 spiritus,

201 2573 334 2650 graviter
356 2572 507 2630 incumbet
528 2572 560 2630 11
583 2591 617 2630 eo
639 2572 719 2646 loco,
746 2591 764 2630 a
788 2590 847 2648 quo
871 2573 1039 2649 vexabitur,
1066 2572 1198 2634 tussitat

201 2661 361 2737 aliquando
389 2661 582 2737 purulentum
610 2663 734 2720 excreat.
780 2661 822 2720 010
847 2680 915 2718 eum
942 2661 1068 2721 curabis.
1114 2660 1197 2721 thuris

201 2750 281 2814 5V.
298 2751 365 2808 ..in
388 2770 480 2808 unum
507 2752 632 2808 contusa
650 2769 717 2808 cum
734 2750 803 2808 vino
822 2750 971 2825 tepefacto
996 2750 1023 2808 ei
1045 2771 1101 2826 per
1123 2767 1195 2810 nares
1230 2795 1231 2802 ,

274 2901 358 2954 1661
381 2900 405 2953 si
426 2903 435 2971 ΙΙ
459 2906 474 2954 5
497 2917 554 2983 non
567 2900 668 2960 ¹miuus
691 2900 816 2970 pondera
836 2900 958 2969 quinque
982 2902 1069 3027 179911
1091 2909 1106 2955 6
1125 2902 1196 2972 pedes

201 2971 1196 3114 13111111111111111111111111111·1111
1230 3099 1231 3105 x

206 3114 267 3184 Veg.
283 3115 340 3183 1110
358 3114 418 3168 dies
437 3114 488 3166 XII
506 3115 568 3185 Veg.
586 3114 597 3186 ll
611 3121 643 3168 11
663 3114 725 3185 Vey.
744 3115 818 3168 1749
835 3114 845 3187 ll
864 3120 896 3167 12
911 3114 1052 3168 concurrit
1065 3116 1095 3185 (i.
1110 3135 1131 3171 e.
1146 3131 1195 3168 cou-

202 3187 318 3254 cursat):
338 3186 527 3239 commovetur
545 3186 607 3257 769.
625 3187 628 3256 Ι
645 3184 831 3255 tempuribus:
847 3211 880 3230 =
894 3185 1079 3259 frequenterl}
1094 3193 1126 3241 13
1141 3189 1195 3240 stro·

201 3255 303 3324 phosos
318 3258 326 3326 ΙΙ
342 3261 374 3310 15
394 3256 581 3313 sescunciam:
600 3273 736 3324 00910661.
751 3265 767 3318 5
784 3256 788 3328 Ι
804 3256 896 3324 ponde
913 3260 917 3324 Ι
934 3256 1080 3312 sescuncia
1098 3275 1155 3329 69οι
1171 3269 1195 3309 ex

201 3325 367 3395 1110161119
394 3328 455 3397 1769.
476 3328 502 3381 V
514 3331 561 3395 503
586 3327 619 3380 H
635 3331 747 3394 202,1s
769 3329 778 3397 11
799 3334 833 3380 20
852 3327 926 3381 enim
943 3327 1047 3384 curari:
1065 3347 1133 3384 corr.
1149 3328 1179 3382 Μ
1189 3324 1197 3392 l}

203 3401 236 3448 22
247 3395 319 3450 triti:
329 3414 379 3465 pro
389 3397 493 3452 hordeo
506 3398 550 3452 far
563 3397 705 3452 triticeum
720 3397 800 3452 dabis
820 3399 882 3469 Veg.
896 3401 906 3469 ΙΙ
920 3405 954 3452 24
973 3400 1035 3470 Veg.
1051 3400 1079 3453 V
1091 3405 1127 3455 52
1142 3402 1145 3470 l
1159 3413 1196 3451 vo·

202 3465 273 3519 mita
286 3469 296 3535 ΙΙ
310 3473 342 3519 28
357 3484 394 3536 sq.
408 3467 479 3522 turis
494 3469 624 3538 dragmas
639 3469 718 3538 duas,
733 3468 931 3524 aristolochiae
945 3471 1043 3525 uncias
1057 3471 1128 3526 duas
1147 3471 1195 3538 Vec.
