2462 3906
238 197 520 253 MULOMEDIOINA
539 199 709 254 CHIRONIS
729 207 868 256 aaa-aaa
991 201 1054 264 271
1134 251 1138 260 .

55 347 147 421 pondo
173 348 208 426 3,
234 349 350 424 tapsiae
380 367 483 408 sucum
509 351 608 426 pondo
636 349 670 426 5,
698 351 800 426 sinape
823 351 1058 410 Alexandrinum

54 436 145 510 pondo
172 431 208 513 3,
237 437 312 514 picis
339 438 472 513 liquidae
500 439 580 515 quod
612 441 685 498 satis
719 439 822 517 fuerit,
854 440 927 499 haec
957 442 1057 500 omnia

53 523 120 583 bene
138 525 221 601 trita,
244 545 288 613 ex·
302 527 367 602 pice
391 529 491 586 autem
509 528 624 604 liquida
643 528 842 588 commixtum.
887 530 942 588 hoc
963 530 1055 588 medi-

53 617 216 673 camentum
237 615 345 674 habeto
368 616 399 674 in
421 617 522 692 pixide
544 617 697 695 plumbea,
721 619 752 675 et
774 637 810 675 ex
832 636 866 676 eo
888 616 1056 694 ubicunque

33 702 222 779 simposueris
245 706 311 762 cute
335 723 353 762 a
376 723 497 781 corpore
521 706 658 765 sublevas
681 709 713 764 et
734 707 887 782 pustulam
905 706 989 765 facis.
1021 727 1056 764 ex

52 810 81 850 co
102 791 318 852 medicamento
342 796 372 852 et
394 794 563 854 hominibus
586 813 701 874 ungues
724 796 900 854 auferuntur
921 797 951 853 et
971 795 1056 870 lepra

51 899 81 938 ex
102 899 225 956 corpore
249 883 390 941 aufertur.

109 969 359 1029 medicamentum
381 971 420 1029 ad
443 972 542 1032 clavos
564 974 745 1032 morticinos.
783 973 905 1032 herbam
923 973 1055 1032 urceola-
1075 973 1132 1028 928

50 1057 119 1116 riam
148 1061 179 1117 et
207 1059 352 1137 absungia
380 1064 410 1119 et
438 1061 499 1119 sale
528 1062 702 1122 contundite
728 1065 758 1120 et
780 1062 939 1138 imponito,
967 1062 1057 1120 tertio

23 1145 92 1204 [odie
114 1148 233 1226 solvito,
257 1149 387 1208 clavolus
410 1151 503 1208 cadet.
525 1149 529 1224 Ι
1081 1151 1185 1210 155vb

109 1237 360 1296 medicamentum
388 1238 427 1297 ad
454 1239 571 1298 clavum
597 1240 796 1298 morticinum.
846 1258 968 1316 porrum
998 1258 1058 1299 sec-

50 1325 155 1399 tivum,
178 1325 285 1402 salem,
307 1327 498 1402 fermentum,
520 1327 642 1386 herbam
664 1328 876 1404 urceolariam‚
899 1329 1059 1406 axungiam

51 1415 203 1489 pusillum,
240 1416 368 1474 conteris
399 1416 431 1474 in
467 1437 560 1475 unum
597 1420 628 1476 et
661 1417 754 1495 alliga
786 1417 833 1476 bis
869 1437 923 1494 per
950 1418 1059 1494 tridu0,

50 1519 150 1562 sanum
173 1503 234 1562 liet.

22 1609 40 1647 a
109 1593 362 1651 medicamentum
389 1611 491 1652 acrum
514 1593 552 1652 ad
573 1593 707 1652 fistulam
729 1596 760 1652 et
782 1594 821 1652 ad
839 1594 947 1654 clavos.
984 1595 1058 1654 cori-
1077 1593 1135 1650 924

52 1681 175 1739 andrum
202 1681 342 1756 viridem,
370 1701 492 1757 porrum
522 1683 678 1758 sectivum,
708 1682 830 1741 herbam
856 1683 1060 1759 urceolariam,

52 1768 235 1829 marrubium
257 1771 431 1847 masculum,
457 1773 657 1830 atramentum
675 1772 858 1848 sutorioium,
881 1773 1062 1850 aeruginem,

52 1859 189 1937 calciten,
218 1859 362 1934 pollinem
390 1859 461 1920 ervi.
505 1861 578 1920 haec
608 1861 708 1920 omnia
734 1860 808 1918 bene
835 1863 903 1919 tusa
933 1881 968 1919 ex
995 1861 1060 1936 pice

51 1946 164 2022 liquida
192 1947 246 2006 sub
266 1948 335 2024 igne
362 1968 498 2024 per...
523 1949 639 2008 curabis
664 1949 741 2008 sicut
763 1950 951 2009 traumatioo.
997 1949 1060 2007 ubi·

20 2051 162 2113 ucunque
185 2037 370 2113 imposueris,
393 2038 530 2096 effectum
551 2039 673 2114 parebit.

111 2125 325 2184 traumatici
360 2126 544 2202 compositio.
599 2126 734 2186 calcitem
765 2143 790 2216 p
819 2129 853 2202 5,
885 2127 1058 2205 aeruginem
1077 2134 1134 2190 925
1202 2147 1204 2152 ·

49 2213 125 2358 p3,
149 2232 200 2272 aes
222 2216 323 2272 ustum
345 2215 443 2290 pondo
462 2217 495 2290 3,
518 2216 614 2274 mellis
637 2233 662 2304 p
681 2215 767 2291 libra,
789 2217 867 2275 aceti
891 2217 969 2292 quod
988 2217 1061 2276 satis

61 2304 147 2364 uerit.
193 2303 267 2362 haec
295 2305 395 2362 omnia
422 2304 580 2363 commixta
607 2305 752 2380 decoquas
778 2305 811 2363 in
839 2305 947 2364 cacabo
974 2325 1061 2381 novo,

51 2391 86 2449 ad
107 2391 209 2450 mellis
232 2393 462 2470 grassitudinem
486 2395 665 2452 evertantur.
710 2396 766 2452 hoc
788 2394 882 2453 uteris
910 2394 948 2452 ad
975 2413 1061 2452 omne

19 2481 156 2540 anninus
177 2481 367 2559 purgandum
391 2485 420 2540 et
443 2481 481 2539 ad
504 2499 616 2540 cancer.

112 2569 218 2628 licium
241 2569 284 2628 sic
306 2571 467 2646 componis.
508 2589 659 2629 amurcam
677 2571 775 2629 olivae
798 2583 839 2630 ss
859 2570 905 2628 HI
928 2573 959 2629 et
981 2571 1058 2628 aceti
1077 2560 1135 2616 92ss

50 2671 87 2716 ss
108 2657 171 2734 ΙΠ,
204 2658 275 2717 salis
301 2672 341 2718 ss
363 2659 387 2716 I.
432 2659 488 2718 hoo
517 2659 647 2735 decoque
674 2660 705 2717 in
734 2660 794 2718 olla
822 2662 852 2717 et
878 2658 917 2716 ad
945 2659 1059 2741 tertias.

50 2750 75 2805 et
93 2765 190 2824 aquae
209 2747 301 2806 facito
319 2750 354 2806 ut
371 2748 445 2806 bene
463 2747 588 2807 misceas
607 2752 638 2808 et
653 2748 775 2806 herbam
793 2746 932 2806 Sabinam
951 2750 981 2806 et
999 2766 1073 2807 ros.

49 2837 205 2894 marinum.
251 2836 292 2894 sic
315 2838 430 2895 coctam
453 2836 624 2913 admiscito,
647 2837 806 2914 diligenter
827 2835 932 2910 facito,
956 2836 1060 2895 deinde

19 2924 255 3000 aintermittito,
281 2928 317 2984 ut
340 2943 376 2984 aa
398 2926 522 2984 ferveat.
567 2945 634 2986 cum
661 2927 777 2984 coctum
799 2924 899 3000 fuerit,
924 2926 1059 3000 reponito

49 3013 78 3070 in
101 3033 172 3074 vase
196 3013 284 3072 fictili
307 3015 338 3072 et
360 3013 516 3074 admiscito
535 3014 633 3073 mellis
657 3013 780 3089 aliquid.
820 3014 876 3072 hoc
899 3015 999 3072 autem
1023 3014 1060 3072 ad

49 3104 147 3161 omnia
168 3103 294 3162 vulnera
315 3103 390 3161 utile
412 3105 466 3162 est.

113 3191 455 3250 medicamentorum
477 3192 611 3250 lenium
639 3190 823 3267 compositio.
869 3207 1061 3266 consparsum

50 3280 90 3338 sic
111 3297 270 3356 compones
290 3326 385 3339 .....
403 3280 525 3356 panacis
552 3280 694 3355 radicem,
721 3279 827 3338 mellis.
862 3281 935 3338 haec
959 3279 1058 3339 omnia

117 3491 133 3540 6
152 3484 285 3554 inunges:
304 3500 371 3540 corr.
387 3485 415 3538 B
431 3487 434 3554 Ι
464 3485 558 3566 leprae
571 3486 582 3555 l}
605 3489 638 3538 10
655 3483 778 3567 clauclos
792 3487 801 3554 ΙΙ
826 3489 858 3538 19
872 3483 1058 3610 1111611111δὶεὲ

49 3560 82 3609 20
99 3559 164 3626 piat
182 3558 222 3612 sic
239 3559 248 3626 ΙΙ
267 3561 300 3610 28
319 3557 349 3610 et
367 3571 457 3624 aquae
476 3557 515 3613 B:
535 3559 631 3626 1taque
648 3558 652 3628 Ι
669 3571 798 3611 saumam
811 3558 821 3626 ΙΙ
839 3561 873 3610 30
891 3573 927 3610 ne
946 3557 1010 3611 add.
