2474 3910
217 149 499 206 MULOMEDICINA
518 150 686 206 cursoris
706 157 847 207 aec-crs
970 151 1036 217 205

43 299 97 372 erit,
119 318 191 376 quas
216 319 316 360 omnes
345 321 379 359 ex
407 301 537 360 cauterio
564 321 656 378 prope
685 320 784 360 ossum
805 303 906 362 venire
936 303 1036 362 existi·

42 406 103 462 nas,
125 391 227 448 curato
252 389 294 448 sic
315 390 424 449 vulnus
446 390 670 450 medicamentis
693 391 831 450 causticis
850 395 880 451 et
898 392 1035 467 stipticis.

42 497 180 553 nunquam
201 478 299 538 lenem
317 478 566 538 medicamentum
585 479 762 556 imposueris
779 498 833 539 nec
852 481 950 540 oleum
967 481 1036 540 tati-

41 565 115 641 geris.
160 586 196 625 ex
222 567 279 626 hac
307 587 337 626 re
367 568 425 628 cito
453 571 484 626 et
510 571 652 627 creseunt.
699 568 750 627 sed
776 569 856 628 loteo
885 570 969 628 caldo
992 569 1036 628 la·

25 658 100 714 irato
122 658 153 713 et
175 658 260 715 aceto
291 659 321 715 et
350 657 413 716 sale
436 659 555 731 curato,
585 658 678 716 donec
709 675 816 716 sanum
844 657 906 716 fiat.
952 658 978 716 si
1001 679 1036 716 ex

41 743 86 802 hac
115 763 147 802 re
179 762 286 803 sanum
317 746 430 804 factum
461 764 521 804 non
552 747 659 820 fuerit,
691 747 830 822 exponite
862 745 1037 820 iumentum,

42 833 147 891 easdem
169 834 318 894 mirmices
341 835 485 910 scarpello
508 833 679 894 intercidito
699 835 737 894 ab
756 853 832 909 osso,
855 853 904 893 eas
924 835 1038 909 cradas,

42 923 66 978 et
84 921 161 980 mito
185 923 311 981 eundem
338 924 437 983 locum
460 923 520 982 ossi
550 927 581 982 et
611 924 733 982 circuito
763 923 948 983 latraturam
970 923 1037 981 dili-

42 1012 150 1086 genter,
178 1031 215 1069 ne
244 1029 304 1086 qua
332 1012 419 1071 radix
440 1013 516 1071 vires
545 1013 670 1089 habeat,
705 1019 736 1071 et
763 1015 865 1071 curato
894 1013 960 1088 ipso
990 1013 1037 1070 die

16 1099 133 1158 academ
164 1100 289 1160 vulnera
320 1101 368 1160 vel
400 1100 492 1160 labra.
544 1102 656 1162 satiato
687 1103 835 1177 impones,
867 1102 956 1161 tertio
990 1101 1036 1159 die
1056 1104 1114 1159 646

41 1188 134 1248 solves.
180 1189 207 1248 si
228 1190 336 1248 vulnus
360 1190 587 1265 elimpidaverit,
609 1193 757 1266 temptato
781 1209 861 1266 osso,
887 1209 925 1260 ne
949 1209 1038 1268 quam

41 1277 200 1336 scabritiam
223 1278 341 1338 habeat.
387 1279 467 1355 quod
490 1280 515 1338 si
538 1279 674 1339 scabrum
695 1280 800 1353 fuerit,
827 1279 943 1339 caedito
971 1298 1038 1338 eum

41 1366 80 1423 vel
99 1366 198 1425 radito
222 1367 371 1441 scabrum,
394 1367 487 1427 donec
509 1369 548 1427 ad
571 1387 659 1427 sanas
680 1370 781 1444 partes
809 1369 979 1444 perventae,
1009 1371 1039 1426 at

42 1457 133 1514 curato
157 1456 380 1516 medicamentis
404 1474 425 1514 s.
449 1477 472 1516 s.
495 1460 527 1516 et
547 1457 645 1516 radito
669 1457 791 1517 cottidie
815 1475 923 1532 ossum,
946 1457 1038 1517 donec

15 1555 32 1594 1⁵
42 1545 189 1621 sangrunet
203 1546 234 1602 et
247 1547 414 1604 concernat.
450 1546 494 1605 ita
516 1547 686 1604 huiusmodi
709 1563 812 1605 carnes
834 1565 923 1622 super
940 1563 1039 1605 ossum

41 1635 118 1692 natae
139 1627 143 1711 1
165 1634 262 1692 curari
284 1635 417 1709 possunt.
462 1635 543 1693 omni
566 1635 767 1713 diligentias.
792 1631 813 1693 s}
838 1637 950 1693 curate.
992 1653 1037 1693 sa·
1063 1640 1174 1698 ltl'a

42 1739 102 1779 num
122 1721 183 1780 fiet.

97 1809 120 1868 L
159 1810 358 1888 Quodcunque
390 1813 556 1871 iumentum
586 1813 618 1870 in
651 1812 784 1872 articulis
817 1811 963 1887 aquatilia
985 1810 1038 1868 ha·
1057 1816 1113 1872 647

41 1895 140 1976 buerit,
169 1901 212 1959 sic
238 1901 393 1978 intelligis.
434 1902 537 1960 dextra
567 1902 689 1960 sinistra
719 1900 836 1959 abintro
865 1903 895 1958 et
922 1901 1039 1958 deforas

15 1988 177 2047 *ttumcrem
200 1990 379 2048 eminentem
401 1990 522 2049 mollem
548 1992 632 2050 nucis
659 1987 895 2068 magnitudinem
918 1988 1039 2049 demon-

43 2078 116 2135 strat.
161 2098 196 2136 ex
220 2097 279 2154 qua
301 2098 333 2137 re
357 2079 514 2154 claudicat,
536 2079 588 2138 sed
610 2100 663 2156 per
685 2082 821 2156 tempora
843 2079 986 2154 perdurat
1009 2081 1039 2136 et

43 2165 151 2224 articuli
174 2170 307 2225 onerant.
354 2167 435 2243 quod
457 2168 589 2227 nascitur
612 2188 630 2226 a
652 2167 753 2227 labore
776 2170 896 2226 tenerae
920 2168 1038 2226 aetatis.

44 2255 112 2326 quod
129 2258 251 2314 curator
269 2257 318 2316 sic.
351 2257 455 2332 primis
474 2256 577 2316 diebus
594 2256 690 2316 tribus
709 2256 901 2332 cataplasma.
934 2256 1039 2315 deinde

44 2357 159 2417 expones
189 2344 355 2404 iumentum
386 2348 417 2404 et
444 2347 575 2404 cauterio
608 2345 721 2422 ciprinc
754 2345 806 2404 diu
834 2363 915 2420 ures,
947 2346 1040 2404 donec

17 2439 35 2480 ¹⁵
45 2431 236 2491 membranum
256 2453 450 2510 praerumpas
468 2438 499 2493 et
516 2436 670 2493 humorem
689 2434 805 2494 exicces
844 2454 910 2493 curn
929 2434 1041 2492 exicca-

45 2520 126 2596 veris,
162 2522 366 2581 membranum
402 2523 434 2581 in
466 2524 630 2583 continenti
662 2523 699 2581 ab
730 2524 860 2600 axiengia
892 2523 1060 2598 cataplas-=

45 2608 128 2669 nabis
152 2615 180 2669 et
205 2611 383 2688 fenugraeco
407 2613 438 2669 et
459 2612 515 2670 lini
538 2612 658 2670 seminis
681 2615 711 2671 et
733 2612 858 2688 polline,
881 2611 958 2669 sicut
971 2629 993 2668 s.
1008 2629 1039 2686 s,

46 2714 89 2769 per
109 2699 170 2758 dies
192 2720 314 2759 numero
337 2700 388 2778 IX,
412 2701 504 2760 donec
526 2701 645 2760 ferbura
668 2701 792 2760 desinat.
829 2720 864 2758 ex
886 2699 941 2758 hac
961 2699 1038 2757 enim
1057 2694 1115 2750 648

48 2802 124 2845 cansa
145 2789 267 2866 grandis
290 2789 409 2847 ferbura
432 2792 463 2847 et
485 2790 598 2864 clodigo
620 2791 795 2866 insequitur.
834 2807 924 2864 quare
947 2787 1041 2864 negli-

17 2876 153 2946 egentius
185 2877 283 2936 curari
315 2880 451 2954 oportere
487 2897 548 2937 non
584 2878 678 2937 debet.
734 2897 800 2937 cum
835 2879 897 2936 iam
928 2877 1041 2935 saniem

47 2960 138 3025 fecerit
160 2968 190 3024 et
212 2965 391 3044 clodigiuem
414 2969 444 3025 et
466 2966 616 3025 ferburam
638 2967 863 3041 interemiserit,
890 2968 1041 3042 malagma

47 3049 179 3127 imponito
207 3055 329 3115 crudam
356 3058 387 3115 et
415 3057 484 3114 usta
516 3056 674 3134 diligenter
688 3057 816 3130 ¹curato.
863 3055 928 3113 sani
957 3054 1041 3113 fiunt.

49 3139 92 3198 alii
120 3162 188 3202 vero
219 3144 357 3202 dixerunt
388 3145 512 3204 eandem
542 3163 662 3204 oausam
695 3145 786 3204 simili
815 3144 902 3204 modo
933 3143 1042 3217 curari,

109 3300 121 3347 1
139 3295 259 3350 extimas
272 3297 313 3366 114
331 3295 411 3351 icitc:
437 3313 506 3351 corr.
516 3297 544 3350 Β
557 3299 567 3366 11
581 3301 597 3349 7
616 3297 756 3364 condemn
770 3301 785 3349 9
804 3295 894 3351 virus:
912 3312 981 3350 corr.
991 3295 1019 3348 Β
1032 3294 1042 3366 11

50 3366 77 3413 10
92 3365 191 3421 satiato
209 3370 219 3437 11
239 3373 272 3420 14
291 3366 396 3422 tradite
414 3370 423 3438 11
443 3373 475 3421 15
490 3370 596 3436 carness
615 3373 649 3420 25
664 3366 765 3422 exiccis
778 3370 789 3437 11
807 3372 840 3420 27
860 3369 916 3437 exn
935 3365 1041 3426 29:010-

50 3431 125 3561 111111
127 3443 187 3563 din
187 3439 315 3563 qpqqlrppre
333 3439 435 3509 relegat
452 3438 490 3493 od
507 3437 599 3493 curari
614 3440 631 3494 1.
647 3443 683 3494 33
698 3440 725 3493 Β
739 3441 748 3510 11
762 3446 795 3493 31
815 3437 888 3494 inter
902 3437 1041 3493 amiserit:
