2512 3906
205 146 250 214 48
399 145 682 202 MULOMEDIOINA
700 145 869 202 OHIRONIS
889 151 1029 200 154-157

207 297 256 357 vel
282 296 358 358 muli
385 299 534 358 curantur.
578 299 701 373 propter
727 296 937 374 fatigationem
964 295 1078 358 utimur
1103 295 1148 354 his
1162 341 1168 353 .
1181 341 1204 354 ..

207 379 387 463 †subveniri
417 385 520 461 possit.
566 389 596 444 et
623 405 707 444 urere
730 386 880 463 oportebit
903 385 982 444 enirn
1012 382 1057 461 [in
1082 384 1205 444 omnibus

165 513 167 517 ·
209 473 302 551 signis
317 472 517 551 'morborum],
540 474 618 534 siout
636 493 725 550 supra
749 475 892 550 scriptun
915 477 968 532 est.
1013 473 1115 532 miritis
1138 473 1206 532 enin
1240 491 1241 546 1

207 563 320 625 morbis
331 563 479 626 ustionem
496 563 661 624 neccssaria
675 581 722 623 res
736 566 789 638 est,
806 583 860 639 per
874 581 964 638 quam
981 562 1129 622 ustionem
1141 561 1205 621 vitia
1240 563 1241 614 1

208 650 388 714 insanabilia
423 652 519 714 evinci
551 655 684 728 possunt.
729 652 829 711 omnia
858 654 959 710 autem
988 651 1065 710 vitia
1098 671 1134 710 ex
1159 652 1205 709 hnc
1223 661 1241 702 ⁵1

209 741 323 802 coactio
353 760 428 817 qnae
456 741 604 817 oriuntur,
636 740 739 800 multis
768 741 836 800 aliis
864 741 966 818 signis,
993 739 1145 800 verissime
1170 739 1205 796 in-

208 829 383 904 telliprmno
404 831 526 893 humore
547 850 602 906 per
618 830 739 889 neribus
757 830 942 905 profluente.¹
963 829 1102 903 uterina,
1121 827 1205 905 qualis
1240 849 1241 853 ¹

132 915 192 972 154
211 937 246 980 ax
278 919 385 994 quibus
417 918 513 978 causis
545 919 651 981 humor
681 919 820 994 profluat.
873 918 1027 977 humorem
1063 937 1135 994 ergo
1164 935 1206 992 per
1240 967 1241 972 ,

209 1007 330 1070 naribus
363 1008 558 1084 profluentem
593 1006 762 1085 intelligere
794 1009 912 1082 oportet
944 1006 1049 1082 cuique
1085 1006 1205 1064 iumento
1240 1029 1241 1062 ;

208 1098 331 1172 propter
347 1095 535 1156 imminentes
559 1096 741 1156 coactionem
758 1095 939 1155 valitudines
957 1094 1167 1172 intelligendas
1183 1096 1206 1151 ot
1215 1101 1232 1142 1⁰

208 1185 354 1249 curandas
377 1185 530 1259 profluere.
575 1187 611 1244 ut
633 1185 722 1260 scias,
752 1204 788 1244 ex
818 1203 877 1260 qun
907 1187 992 1260 parte
1015 1184 1148 1259 corporis
1169 1181 1206 1241 vel
1240 1211 1241 1241 r

209 1292 244 1334 es
281 1272 387 1347 quibus
423 1273 638 1332 valitudinibnr
677 1275 784 1332 humor
824 1294 878 1349 per
918 1273 1039 1332 naribus
1079 1273 1205 1348 profluat.

210 1361 378 1423 acutissime
411 1381 481 1440 ergo
514 1363 590 1424 hano
622 1363 786 1422 doctrinam
821 1363 989 1440 intelligere
1021 1363 1149 1436 oportet.
1193 1377 1207 1416 s

209 1449 329 1510 cerebro
352 1450 459 1527 capitis
483 1451 712 1512 exoneratione
742 1451 825 1511 venit
853 1451 949 1510 multa
978 1450 1089 1526 pituita
1121 1466 1206 1508 crassa

209 1540 239 1596 et
262 1539 370 1615 spissa,
398 1558 417 1597 a
439 1540 630 1616 perfrictione
652 1540 758 1598 humor
780 1540 838 1599 erit
866 1539 977 1615 tenuis,
1008 1539 1164 1616 aquaticus
1184 1539 1241 1599 5111,

133 1624 191 1680 155
209 1627 344 1704 frigidus.
385 1649 421 1689 ex
439 1649 498 1705 qua
515 1650 547 1688 ro
565 1629 642 1690 fiunt
663 1628 842 1706 coriaginosi
861 1632 891 1687 et
908 1627 1031 1687 totanioi
1053 1629 1084 1686 et
1106 1625 1205 1686 tussici

209 1734 227 1778 a
250 1717 361 1778 tolibus
384 1721 415 1776 et
437 1718 585 1795 glandulis
608 1722 639 1777 et
666 1718 783 1776 arteriis
809 1719 916 1776 humor
943 1718 1000 1775 erit
1022 1715 1164 1776 candidus
1184 1717 1206 1771 et
1240 1746 1241 1752 1

85 1861 86 1866 ,
208 1805 347 1864 viscosus.
390 1827 424 1864 ex
447 1826 506 1882 qua
528 1827 560 1865 rc
588 1807 622 1866 fit
644 1806 799 1865 fastidium
826 1810 857 1865 et
881 1807 1012 1865 faucium
1034 1803 1206 1882 praefocatio
1240 1812 1241 1868 ξ

210 1896 240 1952 et
257 1895 384 1956 5155555.
418 1895 589 1970 apulmone
603 1897 710 1955 humor
726 1914 849 1969 crassus,
868 1895 1073 1972 sanguilentus
1092 1898 1124 1953 et
1141 1892 1205 1951 male
1240 1942 1241 1974 3

209 1982 349 2044 odoratus
373 1987 404 2042 et
426 1984 523 2042 colore
546 1984 668 2060 pallido.
713 2004 829 2060 exque
853 2002 942 2043 causa
969 1983 1046 2042 fiunt
1071 1983 1241 2059 periples-³⁰,

135 2067 331 2147 1565555151,
363 2072 517 2148 vomioori‚
549 2072 714 2146 ortopnoioi
746 2076 776 2130 et
806 2073 917 2132 tussici.
963 2091 981 2132 a
1011 2073 1115 2132 morbo
1137 2069 1206 2132 venit
1240 2143 1241 2148 η

208 2159 314 2221 humor
335 2161 447 2221 multus
470 2163 501 2219 et
524 2180 646 2236 crassus,
670 2161 809 2239 pallidus,
838 2162 1028 2236 catarroe'ous,
1055 2159 1206 2237 profluvius
1240 2204 1241 2210 1

209 2247 344 2324 Atticus,
374 2249 566 2326 suspiriosnS,
598 2250 775 2309 articularis.
821 2250 858 2308 nb
885 2249 1013 2308 iocinere
1044 2269 1132 2308 umor
1161 2245 1206 2306 erit
1240 2293 1241 2300 1

79 2318 154 2376 1141
168 2337 187 2376 a
209 2336 324 2399 liuidus
347 2340 378 2396 et
399 2338 515 2413 viridis,
545 2358 605 2398 non
627 2339 715 2399 valde
745 2357 860 2398 crassus
889 2358 985 2414 noque
1006 2333 1010 2416 1
1031 2338 1137 2398 olidus.
1178 2351 1206 2392 er

208 2443 267 2501 qua
285 2445 317 2488 re
336 2427 412 2485 fiunt
434 2426 581 2486 sinteotici
604 2432 630 2486 et
652 2427 794 2503 ydropici.
834 2425 890 2504 [et]
917 2447 951 2486 ox
974 2446 1032 2503 quo
1051 2425 1241 2504 perniciosas]

208 2514 334 2576 oritura
357 2515 488 2576 febribus
503 2515 653 2575 veteribus
677 2517 773 2576 causis
793 2535 828 2574 ex
847 2535 944 2575 errore
963 2515 1205 2576 retefinariorum.
1240 2583 1241 2598 ἶ

209 2602 261 2678 qui
282 2622 318 2663 ne
346 2604 465 2680 quidem
493 2624 574 2664 error
601 2605 726 2664 alicuius
754 2605 900 2680 passionis
930 2605 1109 2664 veterinario
1133 2604 1206 2680 igno
1240 2641 1241 2682 p

207 2692 288 2755 rans
318 2693 488 2769 obstripiat,
522 2695 599 2752 hano
634 2695 800 2753 doctrinam
829 2713 851 2752 s.
876 2713 898 2752 s.
925 2693 1085 2770 diligenter
1117 2696 1206 2751 tenore

208 2784 333 2856 oportet.

133 2867 188 2924 151
275 2888 435 2932 cassurus
465 2871 501 2930 de
531 2871 740 2932 coactionibus
787 2870 812 2930 si
841 2889 934 2947 equus
963 2871 999 2930 (15
1022 2870 1074 2931 via
1098 2870 1232 2929 coactus³⁰

208 2960 332 3035 venerit,
354 2959 396 3020 sio
418 2960 572 3038 intelligis.
600 2960 679 3020 oculi
697 2960 725 3018 ei
742 2959 822 3018 intro
841 2963 928 3020 erunt
946 2959 1008 3019 sive
1021 2957 1206 3020 versabuntn

209 3051 240 3106 et
272 3049 366 3124 spirat
398 3049 527 3108 calidum
559 3050 658 3108 crebre
696 3052 726 3108 et
762 3049 862 3108 oculos
898 3052 998 3108 tensos
1034 3047 1154 3106 habebit
1182 3043 1206 3100 et

279 3273 470 3346 ’115551Ιῖ5575
494 3292 504 3358 b
527 3294 560 3345 15
578 3290 731 3360 perfietone
755 3291 765 3358 u
790 3295 822 3343 17
841 3289 944 3343 tolibst
961 3289 1013 3344 sic:
1035 3305 1104 3343 corr.
1127 3286 1183 3354 ch.
1198 3279 1206 3351 11

208 3364 241 3416 19
260 3359 290 3414 in
309 3377 375 3416 anes
394 3377 462 3415 corr.
482 3360 566 3432 ch}
587 3367 622 3414 20
639 3359 852 3429 periplomonioi
865 3363 875 3429 fl
889 3365 921 3413 21
942 3358 1123 3414 ortothonici:
1146 3369 1205 3411 corr.

211 3430 344 3500 7551152
364 3430 563 3488 catacroricus:
582 3449 650 3488 corr.
670 3431 698 3484 B
711 3433 720 3501 b
734 3436 767 3484 25
791 3432 862 3485 fiunt
881 3434 909 3486 et
925 3433 929 3500 Ι
944 3430 1102 3500 perniciosa
1113 3455 1143 3476 ε
1152 3441 1204 3496 par·

206 3499 364 3572 5151551127
384 3517 435 3555 nec
453 3504 510 3572 1128
535 3500 686 3572 obstripiat
703 3529 737 3547 =
754 3503 899 3573 obstrepat
919 3506 928 3572 ΙΙ
948 3507 982 3556 30
1005 3502 1068 3572 ch
1087 3501 1125 3557 ΙΙ
1138 3497 1205 3565 10,5
