2512 3906
210 167 255 230 24
419 165 703 222 MULOMEDICINA
722 167 891 224 OHIRONIS
912 175 1015 223 67-69

210 320 242 375 et
280 317 394 376 collirio
432 319 604 378 cottidianis
641 318 743 377 diebus
780 318 913 378 adhibito
950 322 1129 394 personatur
1157 321 1211 395 pal-

210 405 342 482 pebrum.
393 409 494 466 tamen
527 413 553 466 et
591 408 719 466 triciasis
742 408 894 467 verissime
926 411 1047 468 curatur
1080 409 1211 484 superiori

211 495 471 556 demonstratione.

155 583 193 639 67
281 584 309 641 V
333 584 364 642 Si
388 586 467 661 quod
489 585 654 644 iumentum
678 585 771 646 oeulis
794 586 958 644 suffuderit.
993 587 1077 661 prius
1094 590 1140 646 est
1160 585 1211 644 sul·

210 672 336 733 fusionis
368 693 478 751 genera
511 676 726 749 demonstrare,
759 693 834 750 quae
863 677 944 750 sunt,
977 675 1081 733 deinde
1113 687 1239 734 cummi

211 764 281 821 sunt
304 764 405 821 autem
427 783 537 840 genera
564 764 733 822 suffusionis
756 783 877 822 numero
906 764 977 822 tria:
1005 764 1210 840 platocoriasis,

208 852 376 927 ypochyma
396 854 426 909 et
450 852 607 911 suffusione
627 871 766 927 praesens
791 852 827 911 ab
854 853 1020 928 opiforeton
1039 874 1054 912 e
1075 854 1210 912 rationem
1242 877 1243 916 ἢ

209 940 331 1017 capitia,
360 959 436 1016 quae
465 941 653 1018 cognoscitur
682 941 732 1000 sie.
777 941 855 1001 oculi
883 942 985 1001 suffusi
1013 943 1090 1001 fiunt
1113 944 1210 1001 cttur-

209 1028 324 1088 bolenti
339 1029 425 1104 quasi
443 1029 597 1104 sulphores
616 1029 664 1089 vel
683 1031 850 1108 sanguines,
870 1031 911 1088 ali
930 1049 998 1089 cero
1012 1031 1106 1090 tensis
1128 1030 1210 1089 oculis
1242 1061 1243 1066 κ

150 1117 190 1172 68
211 1137 271 1176 non
294 1117 404 1176 vident
445 1117 518 1177 haec
542 1119 662 1193 quidem
685 1119 805 1178 suffusio
829 1122 951 1178 curatur
973 1120 1022 1178 sic.
1065 1119 1209 1198 sanguinis
1219 1133 1237 1170 1⁰

75 1207 190 1267 108'b
214 1206 428 1264 detractionem
450 1207 525 1266 facis
553 1208 587 1265 de
609 1201 613 1288 Ι
633 1193 816 1283 temporibus
845 1211 875 1267 et
901 1209 994 1267 uteris
1021 1227 1101 1284 aqua
1128 1209 1211 1280 calda,

208 1295 324 1353 radices
356 1295 478 1354 feniculi
510 1297 647 1355 decoctas
679 1297 801 1356 cottidie
833 1300 863 1356 et
890 1298 1038 1356 collirium
1065 1297 1210 1374 inungebis

209 1383 411 1461 ababalsamu,
435 1404 523 1460 quem
546 1386 585 1443 ad
608 1386 798 1444 suffusionem
817 1386 985 1446 claucomae
1006 1387 1038 1444 in
1056 1387 1211 1445 dinamidia

207 1472 340 1547 positum
367 1473 465 1533 habes.
512 1474 554 1533 sic
581 1493 687 1532 sanum
713 1475 772 1533 fiet.
822 1475 1030 1551 platocoriasis
1058 1479 1116 1551 est,
1143 1493 1209 1550 quae

209 1561 358 1638 contingit
377 1580 395 1620 a
412 1563 492 1620 furia
510 1563 558 1622 vel
577 1583 596 1621 a
610 1563 774 1623 sollicitudo
792 1564 916 1623 itineris.
951 1584 1038 1639 quem
1059 1584 1126 1624 eum
1139 1563 1211 1639 passi
1219 1573 1236 1612 1⁵

209 1652 292 1725 sunt,
328 1653 358 1708 et
389 1670 449 1710 nou
481 1654 527 1710 est
558 1653 600 1710 eis
633 1653 809 1727 permissum
841 1672 969 1729 currere,
1005 1654 1098 1712 furiet
1128 1653 1210 1710 nimia

210 1739 318 1798 caloris
341 1740 491 1816 beneficio,
516 1740 656 1799 diffundit
679 1760 708 1800 se
731 1742 848 1816 pupilla
880 1734 960 1823 (core
994 1761 1069 1817 quae
1097 1733 1210 1819 dicitu]

208 1829 240 1886 et
266 1827 301 1886 fit
328 1829 548 1907 platocoriasis,
580 1830 613 1888 id
640 1832 687 1888 est
714 1830 850 1889 dilatatio
882 1831 1029 1907 pupillae,
1060 1833 1090 1889 et
1117 1831 1211 1906 perdet

208 1917 306 1976 visum
329 1917 450 1976 luminis
473 1938 527 1994 per
549 1919 736 1977 diffusionem
759 1937 851 1978 suam.
1243 1987 1244 1990 Ἴ

151 2005 190 2060 66
276 2004 320 2062 Vl
346 2006 387 2064 Ia
414 2009 571 2066 alteratae*
589 2008 621 2064 in
657 2008 773 2084 pupilla
809 2009 930 2067 luminis
965 1997 1104 2068 nascendi
1135 2009 1237 2084 origou

124 2110 126 2114 ·
209 2096 352 2152 servatur.
389 2113 465 2170 quae
488 2115 554 2154 oum
573 2096 680 2154 diffusa
703 2100 756 2172 est,
779 2098 951 2175 recolligere
970 2118 1030 2157 non
1048 2100 1148 2174 potest
1165 2114 1210 2155 nee
1243 2123 1244 2172 3

210 2182 380 2241 claritatem
402 2184 523 2242 luminis
546 2185 654 2243 habere
677 2205 830 2261 nunquam
848 2189 961 2262 potest3
983 2189 1019 2245 ut
1037 2189 1085 2245 oet
1099 2186 1210 2244 vitellus

209 2270 332 2330 diffusus
366 2274 396 2329 et
424 2275 580 2348 corruptus
611 2292 728 2332 omnem
758 2275 885 2334 nitorem
918 2279 948 2334 et
975 2275 1210 2351 compositionem
1243 2316 1244 2320 ,

208 2359 351 2418 omittens
386 2380 594 2437 recomponerc
633 2381 663 2421 se
699 2383 759 2440 non
795 2366 895 2440 potest
924 2383 976 2423 nec
1011 2365 1136 2423 similari
1163 2361 1210 2422 sibi

208 2468 269 2507 uon
292 2451 400 2524 potest.
447 2451 488 2510 sic
512 2453 543 2508 et
565 2452 772 2526 platocoriasis
796 2472 862 2512 cum
885 2453 967 2512 facta
988 2453 1092 2527 fuerit,
1121 2449 1236 2512 curari3⁵

207 2556 268 2596 non
299 2541 406 2613 potest.
454 2540 533 2614 quod
560 2541 741 2618 intelligitur
769 2542 817 2600 sie.
863 2560 923 2600 non
949 2543 1033 2602 videt
1065 2544 1096 2600 et
1126 2540 1209 2600 tensis

208 2626 302 2686 oculis
330 2628 387 2686 erit
415 2630 445 2686 et
477 2628 574 2687 colore
606 2631 722 2708 integro
757 2631 819 2689 sine
850 2631 934 2690 nullo
966 2632 1089 2690 humore
1117 2631 1208 2705 aliquo

207 2716 333 2774 interius
362 2717 511 2792 obstante,
543 2719 594 2776 sed
624 2719 742 2795 limpidi
770 2719 847 2778 oculi
875 2721 1020 2795 tanquam
1048 2720 1121 2780 sani.
1167 2716 1210 2776 sed

206 2805 368 2880 respiciens
390 2805 515 2864 interius
537 2807 570 2864 in
593 2807 678 2867 oculo
698 2809 784 2885 quasi
801 2808 896 2867 livore
915 2809 1053 2868 diffusum
1072 2806 1209 2883 intelligis

207 2892 306 2952 bilem.
352 2894 432 2970 quod
459 2896 555 2972 magis
588 2897 629 2956 sio
656 2897 849 2974 intelligitur,
881 2899 952 2956 dum
979 2899 1011 2956 in
1042 2898 1108 2973 ipso
1132 2895 1236 2956 oculeo

280 3034 295 3080 2
316 3029 468 3082 attriciasis
491 3031 500 3098 ΙΙ
523 3035 540 3082 4
563 3031 625 3102 Veq.
641 3033 698 3084 III
711 3036 749 3085 16
765 3032 768 3102 l
784 3031 861 3101 prius
881 3033 910 3085 et
930 3032 939 3101 Η
960 3037 1022 3101 deq.
1042 3028 1209 3102 platoehoria

208 3097 403 3168 sisipuchima:
427 3102 445 3154 a'.
467 3100 725 3169 cataroaoplcore
747 3102 890 3172 ὑπόχυμαε
920 3101 1125 3170 στενοκορίασις
1152 3104 1208 3156 ntu-

207 3168 367 3237 τυκορίασις
388 3169 571 3238 ὑποκορίασις
593 3175 739 3244 distinguit
766 3174 828 3244 ch.
857 3176 865 3243 ΙΙ
894 3174 1134 3244 lephiforetone:
1157 3175 1174 3227 ι’.
1192 3186 1207 3223 e·

208 3239 332 3310 ἐπιφορά
346 3245 355 3310 ΙΙ
369 3248 384 3296 8
404 3245 433 3297 et
447 3244 546 3296 addidi
558 3246 567 3311 ll
582 3249 597 3296 9
613 3245 631 3296 t.
642 3262 662 3298 e.
679 3243 824 3313 sulphurei
836 3245 882 3299 vel
896 3245 1043 3316 sanguinei
1060 3247 1064 3316 Ι
1080 3261 1098 3299 a
1112 3238 1210 3311 liberoll

208 3318 241 3365 13
262 3311 447 3366 ababalsamu
466 3340 500 3359 =
520 3313 717 3386 ὀποβαλσάμου
734 3316 737 3385 l
754 3315 916 3370 clauconiae
933 3316 937 3389 Ι
954 3316 1122 3371 dinamidia:
1141 3315 1210 3381 infru

209 3387 265 3436 796
273 3389 337 3450 sqq?
364 3385 373 3453 [l
402 3389 434 3438 15
454 3384 615 3440 sollicitudo
638 3386 713 3456 ch.:
738 3386 844 3456 sonitu3
864 3387 942 3441 sonio
961 3389 997 3454 B,
1020 3390 1029 3457 ΙΙ
1058 3393 1090 3442 17
1110 3387 1189 3442 chore

208 3458 241 3506 18
259 3452 359 3508 dilatio
373 3457 382 3524 {l
396 3460 430 3507 20
448 3454 478 3507 in
496 3456 638 3510 albumine
657 3474 716 3527 eqo:
740 3457 828 3510 malui
847 3457 922 3512 enim
935 3461 944 3529 ll
959 3465 990 3512 21
1012 3462 1189 3526 servaturque

208 3528 242 3576 22
260 3525 294 3575 ut
311 3523 357 3577 ovi
381 3525 455 3595 ch:
475 3528 524 3580 uto
542 3528 582 3581 sie
594 3530 604 3597 l}
618 3534 652 3581 24
671 3529 823 3582 admittens
837 3531 846 3598 ΙΙ
861 3536 894 3584 29
904 3548 941 3600 sq.
961 3529 1169 3600 intelligibilem
1243 3559 1244 3620 p
