2474 3910
228 178 509 235 MULOMEDIOINA
528 177 696 234 cfflRONIs
716 184 855 234 reo-ree
979 178 1045 242 245

38 330 191 389 combusta
213 329 285 388 teris
309 332 339 388 et
361 329 531 390 commisces
554 332 585 388 et
614 329 678 389 loco
705 328 774 387 inde
804 329 944 407 imponis,
975 331 1044 388 ante

37 423 134 478 tamen
159 421 244 478 aceto
268 419 365 477 locum
389 417 550 478 elutriabis.

100 501 202 587 [in]de
225 508 301 567 eollo
320 507 375 582 pili
394 508 419 566 si
442 508 559 582 saepius
585 506 721 581 defluent,
743 509 778 565 ut
799 506 919 565 minime
941 526 1045 566 vema-
1066 506 1122 563 799

37 597 92 656 cult
126 597 189 655 sint
219 596 335 657 radicis.
381 596 520 655 corticem
552 616 588 654 ex
618 596 688 654 vino
717 595 755 654 ad
785 595 891 655 tertias
925 595 1045 655 decocto

20 685 191 746 econterito.
244 703 310 744 cum
341 703 415 761 opus
448 685 552 760 fuerit,
590 685 707 760 saepius
741 686 851 761 ungeto
880 683 929 742 vel
959 683 1046 758 adipe

36 775 136 834 ursino
161 774 210 834 vel
233 773 363 834 medulla
386 775 505 833 cervina
531 774 580 833 vel
604 774 722 850 adipem
751 773 882 832 suillum.
925 775 955 831 et
976 773 1046 832 vino

38 863 133 922 veteri
157 864 189 921 et
212 863 277 921 oleo
300 863 395 922 veteri
417 881 517 940 unges.

101 951 141 1010 ad
162 952 296 1012 maculas
309 953 466 1012 tollendas.
503 952 576 1010 nitri
594 969 615 1030 p
630 950 724 1025 libra,
742 950 828 1026 adipe
847 950 982 1008 msiuum
999 949 1047 1008 vel
1068 949 1122 1005 791

37 1041 168 1118 ammgia
182 1040 305 1117 vulpina
319 1042 455 1100 calfacito
469 1042 501 1100 in
515 1041 607 1100 ollam
620 1058 729 1099 novam
744 1042 774 1098 et
787 1057 918 1117 penmge
934 1038 1046 1096 iumen-

9 1149 28 1188 0
37 1132 108 1188 tum.
133 1129 256 1205 nitrum,
271 1129 492 1190 sulfurevivum
506 1131 578 1205 tere,
592 1129 760 1189 cribellabis
774 1131 805 1187 et
814 1129 856 1187 sic
869 1127 1046 1187 commisces.

101 1218 195 1294 alapa
224 1219 256 1278 in
285 1219 397 1279 cervice
426 1221 462 1277 ut
493 1219 641 1295 piligeret.
686 1217 809 1276 herbam
838 1215 995 1276 barbatam
1019 1218 1049 1274 et

39 1308 179 1366 corticem
210 1306 247 1366 de
279 1325 361 1368 socco
394 1307 546 1368 combures
578 1310 609 1366 et
639 1309 717 1365 teres
750 1326 786 1364 ex
817 1305 904 1381 adipe
936 1304 1048 1364 receati

38 1397 125 1454 suillo
150 1398 182 1454 et
205 1399 341 1470 excerpto.
379 1396 448 1456 trude
477 1396 584 1455 cervici
611 1395 733 1454 cottidie
760 1396 921 1470 imponito,
948 1394 1049 1453 idest

38 1485 153 1544 fricato.
199 1484 294 1560 pilum
317 1485 404 1544 eiciet
427 1485 465 1544 ad
488 1485 616 1544 colorem
639 1486 670 1542 et
693 1483 870 1559 spissiorem.

9 1593 28 1634 0
102 1572 232 1632 caudam
254 1573 280 1632 si
308 1573 461 1633 tricaverit
491 1573 529 1632 ad
559 1573 711 1649 parietem.
757 1572 882 1631 caudam
909 1571 934 1631 si
956 1571 1044 1630 frica·
1065 1570 1122 1626 799

38 1663 114 1722 verit
129 1663 168 1720 ad
182 1661 328 1737 parietem
350 1665 381 1721 et
399 1662 613 1722 exulceraverit
637 1681 676 1736 se,
699 1661 742 1720 sic
764 1662 876 1720 curato.
923 1659 958 1718 de
976 1677 1048 1734 rapo

40 1751 143 1828 eligito
171 1750 250 1825 pilos
276 1750 393 1810 validos
421 1754 452 1810 et
474 1753 582 1826 tortos,
610 1751 642 1809 in
665 1750 773 1825 quibus
796 1748 939 1825 pispisam
961 1748 1048 1806 intel-

40 1839 112 1917 liges
137 1857 209 1899 esse.
255 1839 415 1918 diligenter
437 1840 562 1900 caudam
585 1841 759 1917 expurgato,
781 1857 874 1913 usque
897 1837 967 1896 dum
989 1855 1049 1896 non

40 1928 134 1988 fricet.
181 1931 245 1986 seta
267 1928 300 1986 in
323 1929 418 1988 cauda
439 1931 474 1987 ut
495 1931 669 1988 renascatur
691 1927 824 2001 celerius,
847 1944 956 2002 aquam
974 1926 1049 1984 mul·

10 2035 104 2075 asam
128 2017 221 2076 facito
242 2013 246 2094 Ι
267 2020 297 2076 et
327 2037 362 2076 ex
385 2037 419 2076 ea
449 2037 528 2093 aqua
558 2017 728 2092 saepissime
758 2017 860 2076 lavato
890 2015 990 2074 locum
1020 2017 1049 2072 et
1074 2015 1177 2074 149‘a

43 2106 129 2182 adipe
152 2106 254 2164 ursino
277 2125 384 2182 rapum
406 2107 577 2166 confricate.
624 2106 747 2165 celerius
769 2105 943 2164 renascitur.

104 2195 161 2271 pili
181 2194 242 2253 albi
264 2195 396 2255 iumento
416 2196 441 2254 si
463 2195 529 2254 nati
551 2197 640 2254 erunt
663 2213 781 2269 quoquo
799 2195 873 2254 loco.
914 2195 946 2252 in
965 2193 1051 2268 spina
1071 2192 1126 2248 799

43 2283 108 2341 elba
141 2286 305 2342 nascuntur
333 2283 501 2359 tubercula,
521 2284 606 2359 quasi
627 2283 809 2360 spongiolae.
845 2284 900 2342 has
919 2285 1052 2342 conteres

42 2370 127 2446 bene,
145 2392 182 2430 ex
199 2390 269 2430 rosa
287 2372 414 2451 subigas,
437 2373 542 2430 deinde
560 2372 638 2447 pilos
657 2370 740 2430 albos
757 2372 902 2432 radicitus
925 2371 1051 2446 educite,

11 2462 110 2520 atrine
134 2480 169 2521 eo
193 2461 357 2520 medicinae
380 2462 478 2522 locum
510 2461 633 2521 cottidie
656 2460 730 2520 bene
759 2461 936 2534 confricate,
959 2460 1051 2518 donec

44 2548 95 2622 pili
117 2552 323 2610 renascuntur.

108 2638 146 2696 ad
169 2637 359 2698 inficiendum
381 2639 481 2698 rufum
504 2639 639 2697 colorem.
686 2638 724 2696 ad
742 2637 932 2697 inficiendum
948 2636 1049 2694 rufum
1068 2633 1125 2690 794

45 2725 170 2786 colorem
194 2745 300 2803 spuma
323 2728 455 2805 argenti,
477 2727 599 2806 leolam,
623 2746 753 2803 crocum,
777 2727 908 2786 calamos
931 2742 1051 2799 avenae,

45 2813 145 2874 vinum
159 2819 253 2875 09109.
287 2817 329 2876 sic
348 2820 449 2876 autem
466 2816 565 2876 facies.
603 2834 739 2892 spumam
756 2817 788 2874 in
806 2816 876 2874 vino
895 2813 1051 2873 calefacies

10 2919 33 2958 so
46 2905 76 2959 et
96 2903 271 2964 admiscebis
293 2905 400 2966 feclam
424 2908 454 2964 et
477 2924 607 2978 crocum,
634 2905 708 2963 bene
735 2905 768 2962 in
790 2923 849 2962 uno
872 2902 1050 2978 temperabis

47 2993 76 3047 et
87 2993 244 3070 penmgito
263 2993 294 3054 in
314 2994 375 3054 sole
394 2995 565 3052 iumentum.
590 2993 680 3052 tertio
696 3013 812 3068 quoque
832 2993 877 3050 die
892 2991 1050 3068 perungito

47 3083 77 3137 et
97 3081 166 3141 dato
190 3100 297 3159 opera,
319 3104 356 3142 ne
378 3083 495 3143 volutet
518 3086 548 3142 et
570 3103 607 3141 ne
629 3101 721 3141 manc
743 3082 775 3139 id
797 3081 966 3140 addicetur.

115 3251 260 3325 3[in]deB
272 3252 276 3325 Ι
286 3251 396 3306 minimi
410 3253 567 3306 vernaculis
577 3250 725 3324 tldraffices
734 3249 743 3322 ll
755 3248 901 3304 9911190110
910 3249 920 3320 ll
928 3253 959 3302 11
967 3248 1052 3318 alapa

48 3345 81 3365 =
91 3321 215 3393 alopecia
224 3324 232 3396 11
244 3329 276 3378 19
296 3339 389 3378 soccos
409 3324 442 3390 cf.
458 3340 543 3392 supra
552 3341 579 3392 p.
585 3325 687 3388 239,25
697 3327 722 3376 et
733 3321 826 3391 Pelap.
837 3324 891 3374 437
902 3322 996 3373 cortex
1004 3335 1051 3372 ve-

47 3392 137 3448 tustae
150 3394 278 3450 taurinae
292 3412 354 3450 cum
371 3401 463 3450 enaot.
483 3396 580 3460 Itmii3
600 3409 684 3448 eauco
702 3393 744 3446 oet
762 3391 865 3446 sabuco
880 3391 907 3446 B
923 3394 928 3462 1
943 3389 1030 3445 receti
1044 3390 1053 3462 11

50 3465 83 3513 13
93 3464 238 3520 eximinem
248 3466 283 3521 de
294 3464 431 3521 cervicem
445 3468 454 3536 ll
469 3471 500 3520 15
510 3483 597 3534 supro
612 3468 665 3519 717
678 3465 687 3534 ll
703 3469 735 3517 16
745 3479 815 3533 rapa
828 3465 837 3533 ΙΙ
851 3467 884 3516 95
896 3461 1051 3516 medicinae

49 3536 291 3593 ==medicamento
305 3539 314 3608 ΙΙ
328 3541 362 3590 96
380 3538 544 3591 renaseutur
557 3538 566 3605 ll
581 3541 614 3590 98
633 3535 740 3590 hebone
754 3537 763 3604 ΙΙ
777 3540 810 3588 39
830 3549 943 3588 manum
