2470 3902
182 129 224 192 66
371 127 651 184 MULOMEDICINA
669 127 840 184 CHIRONIS
860 134 998 182 218-221

106 279 163 334 218
183 278 359 339 excluditur.
401 279 528 354 quodsi
550 279 606 337 hoe
629 298 688 337 non
711 278 871 354 proficerit,
894 278 1051 338 saciliones
1076 297 1113 336 en
1129 277 1185 334 fun

180 367 246 426 fure
269 367 365 428 calido
388 369 493 444 plenos
516 386 605 443 super
626 370 725 427 totum
747 371 850 446 tergus
873 370 904 426 et
925 386 1010 427 renes
1038 368 1185 442 imponere
1230 387 1231 424 ι

53 460 159 518 117'e
181 458 308 531 oportet.
341 475 429 532 quem
443 460 475 515 et
491 456 668 516 elisteriabis
688 477 723 515 ex
741 475 821 532 aqua
834 456 932 516 calida
951 459 983 516 et
1000 456 1075 533 oleo,
1095 446 1183 534 quodi

182 545 347 606 commiscis
369 547 431 604 saie
457 549 487 604 et
513 546 614 621 melle,
644 546 800 604 effrenitna
829 547 861 604 et
882 563 973 605 ovum
998 541 1042 620 [et
1065 543 1185 603 clisteri-
1230 571 1231 602 ;

180 632 301 710 mabis].
337 634 364 692 si
387 635 504 694 clistere
526 652 587 693 non
609 635 758 710 habueris
782 635 827 694 sal
849 635 924 693 bene
946 635 1053 693 tritum
1076 637 1108 692 ot
1130 633 1183 690 mel
1203 642 1231 692 ⁵;

181 723 374 782 commistum
395 723 434 782 ad
456 723 679 800 spissitudinem
697 722 886 782 tractationis
905 724 1049 782 inanum
1063 722 1184 780 interius
1230 750 1231 756 ι

181 811 316 872 subicies
363 830 509 887 quaeres
536 831 654 870 omnem
677 812 852 887 spurcitiam
874 813 1006 872 humoris
1028 811 1113 870 intus
1140 810 1184 868 ob·
1230 840 1231 872 1

181 903 312 960 stentem
336 901 484 960 abstrahit
507 904 538 960 et
559 902 597 959 ad
618 901 779 960 sanitatem
797 900 940 977 perducit.
977 903 1046 960 boec
1064 918 1137 958 cura
1155 918 1185 958 ex
1230 930 1231 934 =

182 990 284 1048 ordine
299 989 435 1048 adhibita
449 989 584 1048 omnibus
599 989 759 1067 doloribus,
774 1008 792 1048 a
805 993 910 1050 ventre
924 1009 1000 1066 quae
1018 991 1185 1062 nascuntur,

180 1078 328 1155 subvenit,
352 1097 409 1137 nec
428 1078 511 1136 aliud
533 1081 587 1153 esi,
611 1079 691 1154 quod
712 1080 781 1154 plus
803 1079 961 1138 subvenire
979 1079 1082 1154 possit.
1195 1085 1231 1124 1⁰*

106 1169 163 1224 219
248 1169 318 1225 sunt
337 1167 387 1242 aii,
406 1167 516 1241 quibus
535 1168 658 1226 adsidue
672 1168 785 1227 ventnis
800 1168 886 1226 dolor
902 1187 961 1227 non
974 1168 1054 1226 inter
1067 1167 1185 1243 longum
1230 1198 1231 1204 ι

180 1259 299 1330 tempus
317 1257 489 1332 contingere
519 1257 611 1332 solet,
642 1255 667 1314 si
697 1257 815 1332 quando
839 1256 876 1315 ab
900 1275 988 1332 opere
1010 1256 1059 1316 vel
1082 1255 1185 1313 exerci·
1230 1290 1231 1322 ι

181 1344 296 1403 tatione
317 1343 444 1404 interius
464 1348 600 1404 ventrem
622 1346 733 1421 dolent,
756 1349 787 1404 et
809 1363 869 1404 non
886 1348 956 1422 post
972 1344 1083 1403 multas
1101 1345 1185 1402 horas

181 1433 244 1492 sine
257 1433 321 1491 ulla
344 1433 501 1511 diligentia
522 1434 686 1493 medicinae
704 1434 877 1510 saepissime
894 1433 1067 1512 refrigerani
1085 1434 1185 1492 soient
1230 1495 1231 1500 1

181 1521 213 1579 hi
247 1525 362 1598 autem,
400 1523 453 1598 qui
487 1523 543 1582 hoc
569 1523 677 1582 vitium
707 1523 818 1582 doloris
846 1523 1019 1600 patiuntur,
1049 1523 1185 1598 strophas
1195 1529 1231 1568 1⁵=

182 1610 381 1686 appellantur.
426 1611 514 1670 huius
537 1632 608 1689 ergo
631 1612 699 1672 vitii
721 1612 814 1686 ratio,
838 1631 874 1671 ex
896 1631 956 1688 qua
977 1630 1010 1670 re
1033 1610 1185 1687 contingit,

107 1702 165 1758 220
184 1717 251 1758 cum
274 1699 367 1778 signis
388 1701 578 1777 intelligendi
599 1701 750 1760 reddenda
773 1703 825 1760 est.
861 1701 910 1760 hic
933 1703 1033 1758 autem
1050 1699 1186 1774 strophas
1230 1747 1231 1758 ,

182 1788 357 1865 coneipitur,
380 1790 458 1848 sicut
475 1793 546 1848 sunt
568 1790 670 1866 aliqua
689 1790 832 1866 iumenta,
856 1789 964 1865 quibus
983 1809 1018 1847 ex
1036 1788 1183 1847 coactione

180 1877 273 1938 sudor.
285 1879 381 1937 totius
398 1878 539 1955 corporis,
562 1879 640 1938 sicut
658 1879 722 1937 fieri
741 1879 826 1952 solet,
844 1879 998 1937 humorem
1016 1877 1186 1937 excludatur
1230 1927 1231 1946 p

181 1965 254 2025 foris
278 1957 361 2024 entia
388 1970 479 2026 cutes
524 1967 572 2026 hic
599 1968 705 2026 humor
732 1966 847 2026 sudoris
875 1967 907 2025 in
925 1969 1059 2026 venirem
1087 1984 1117 2024 se
1140 1965 1231 2036 deb-3

180 2055 259 2113 sidet
281 2055 360 2114 inter
381 2057 525 2115 intestina
552 2059 583 2114 et
605 2057 717 2115 ventris
745 2057 958 2134 compaginem.
1007 2056 1056 2114 vel
1082 2055 1184 2112 itinere

180 2142 367 2202 laborantem
403 2145 507 2204 calore
532 2145 626 2204 totius
664 2146 793 2220 corporis
830 2163 947 2204 neeesse
982 2146 1028 2202 est
1059 2143 1184 2202 velocius

180 2232 357 2310 refrigescat
379 2251 470 2308 quam
491 2235 585 2293 totius
608 2235 739 2309 corporis
762 2251 924 2311 compago..
953 2233 994 2292 sic
1016 2233 1096 2290 idem
1113 2234 1184 2290 tam-
1230 2267 1231 2274 ι

181 2319 235 2380 diu
265 2321 440 2396 punctiones
473 2323 596 2397 doloris,
628 2326 663 2381 ut
691 2322 859 2398 perfrictio,
889 2322 1014 2380 interius
1046 2322 1183 2397 praestat

181 2409 325 2484 quamdiu
360 2411 454 2469 totius
488 2412 618 2486 conponis
650 2411 750 2472 fervor
780 2414 922 2487 tepescat.
969 2412 1073 2470 contra
1104 2409 1231 2467 illunc*

181 2499 335 2557 humorem
361 2499 424 2573 fiat,
455 2502 486 2557 et
512 2502 582 2574 posi
611 2500 697 2558 illum
729 2500 863 2559 dolorem
895 2500 1030 2575 requiam
1067 2519 1102 2556 ex
1132 2499 1184 2555 hac
1230 2533 1231 2566 ;

105 2591 162 2645 221
181 2587 298 2646 ratione
321 2588 485 2664 patiuntur.
530 2589 562 2646 hi
592 2592 693 2647 autem
720 2592 790 2648 sunt
816 2589 973 2666 strophosi.
1030 2607 1131 2647 eorum
1157 2588 1184 2643 et
1230 2621 1231 2628 ι

182 2676 269 2754 signa
291 2676 364 2736 haec
394 2680 471 2736 sunt.
517 2667 681 2753 cuicunque
709 2678 765 2737 hoc
792 2678 900 2737 vitium
923 2677 1072 2754 contingit
1097 2695 1117 2735 a
1137 2692 1183 2734 va·
1230 2705 1231 2724 ι

182 2784 268 2842 pore,
298 2766 441 2841 cucmnit,
471 2766 643 2842 frequenter
669 2768 831 2827 volutatur.
882 2786 917 2825 ex
947 2783 1006 2842 quo
1036 2785 1104 2824 cum
1126 2782 1182 2822 sur·

182 2855 269 2930 rexit,
295 2857 407 2913 ternam
433 2855 558 2930 pedibus
584 2856 692 2914 tundet
720 2859 750 2913 et
776 2855 928 2914 interdum
955 2855 1042 2931 quasi
1063 2852 1213 2912 mando-³⁰

184 2961 250 3002 care
278 2947 403 3002 conatur
431 2945 496 3004 et
488 2962 587 3004 iacens
611 2945 696 3020 quasi
723 2944 843 3003 videtur
877 2962 1005 3020 pausare
1037 2942 1180 3019 pusillum,

254 3083 326 3147 4sq.
345 3078 415 3132 haec
434 3077 499 3131 clist
487 3077 631 3132 terimebis
650 3078 678 3131 Β
691 3081 700 3148 ΙΙ
716 3083 730 3130 2
745 3080 822 3148 quel!
840 3083 856 3131 8
875 3078 946 3132 haec
965 3079 1004 3132 Β
1024 3078 1075 3146 οιΙΙ
1090 3081 1121 3130 11
1137 3073 1180 3128 eli·

186 3147 299 3218 quibus:
303 3097 461 3202 qanimalia
482 3148 584 3217 quibus
612 3149 674 3218 ch.
694 3149 817 3216 [1151
841 3151 850 3219 ΙΙ
874 3155 906 3203 15
926 3147 1105 3218 strophus=
1071 3149 1181 3200 -Mstro

185 3219 268 3289 phosi
281 3225 289 3286 ιΙ
304 3225 337 3273 20
355 3237 392 3290 sq.
412 3218 521 3274 deridet
533 3221 543 3290 ss
557 3224 591 3272 25
605 3221 634 3273 et
652 3237 715 3273 cum
733 3221 856 3274 totuma
874 3220 970 3274 labore
989 3219 1138 3274 cessaverit
1153 3230 1180 3268 ao

185 3290 326 3345 refrixerit
347 3307 447 3372 corpus
470 3290 613 3359 animalis
638 3292 730 3344 cessat
748 3292 777 3344 et
795 3291 887 3359 dolor3
909 3291 958 3344 sed
976 3307 1040 3344 cum
1058 3305 1076 3344 a
1093 3289 1181 3343 labore

185 3361 306 3414 calefieri
329 3361 463 3430 coeperit,
484 3379 578 3414 rursus
597 3361 686 3415 exorit
687 3379 720 3414 un
741 3363 875 3444 21294129
899 3361 1032 3416 cucurrit:
1051 3357 1182 3478 οοιιοιιιιιῖ

184 3433 213 3501 (ι.
232 3449 252 3486 c.
272 3434 429 3501 concursat)
447 3433 525 3499 iufra
543 3436 612 3501 382ς
638 3432 790 3486 concubuit
807 3435 849 3487 cei
871 3431 1051 3487 concumbit?
1065 3429 1182 3486 concubi

183 3504 212 3572 (i.
232 3519 252 3556 e.
272 3502 456 3571 concutitur)?
474 3519 538 3556 cum
556 3477 643 3558 curiit
661 3504 689 3556 B
