2470 3902
249 151 531 207 MULOMEDICINA
549 151 718 207 omacius
736 157 877 206 401-403
1001 151 1063 215 123

75 319 176 376 pessum
205 303 309 378 fuerit,
342 304 428 380 signa
460 307 546 362 erunt
576 304 656 361 haec.
706 306 809 362 venter
841 304 868 361 ei
900 306 1001 381 turget
1033 307 1063 362 et

75 393 188 449 caract
204 394 295 450 testes
319 393 349 450 et
367 392 448 466 tibia,
466 410 534 450 cum
553 392 727 465 ambulabit,
745 394 799 448 ant
812 411 902 468 genu3
926 392 1064 451 similiter

73 478 161 555 lumbi,
183 481 292 555 latera,
315 482 454 556 scapulae
477 483 508 538 et
530 481 609 539 circa
630 483 729 538 toturn
752 480 883 554 dorsum,
911 499 1004 557 nsque
1027 501 1061 540 eo

72 569 166 644 toturn,
194 572 230 628 ut
258 589 295 628 ne
326 569 446 644 quidem
476 587 569 628 venae
604 569 667 629 eius
696 587 751 626 nec
779 569 811 626 in
841 569 938 644 capite
967 570 1062 628 rideri

48 659 185 730 spossus.
231 658 326 718 eidem
349 658 531 735 sublingua
559 678 625 717 cum
655 657 783 734 tetigisti¹
817 657 934 716 easdem
963 677 1061 733 manu,

71 745 220 805 subtnssiet.
270 747 305 805 fit
331 749 414 806 totus
440 747 631 822 tympanites
678 747 814 822 quotiens
842 766 908 804 eum
935 747 1061 805 reclinas

70 833 252 912 inventrem,
284 837 405 894 sufferre
435 853 465 894 se
488 855 549 894 non
576 838 676 911 potest
710 838 741 893 et
770 835 903 893 tenditur
932 840 959 894 et
988 835 1061 893 dila·

69 925 143 980 tatur.
186 925 228 983 sie
255 925 353 984 facies.
401 924 653 983 ambulationibus
675 924 813 982 brevibus
836 924 1061 999 perminutatim

69 1011 211 1084 plurimum
233 1014 266 1071 in
289 1013 350 1072 sole
374 1033 442 1072 eum
465 1013 565 1072 ducito
594 1015 732 1088 opertum
759 1013 851 1090 sagis,
880 1014 931 1090 qui
955 1013 1060 1071 sudare

35 1111 58 1149 ιο
69 1101 204 1160 sustineat.
255 1121 342 1178 quem
374 1102 531 1160 dedicabis
566 1102 722 1161 adversum
753 1102 848 1178 pilum
879 1123 932 1178 per
963 1104 1058 1160 totum
1080 1104 1135 1161 401

70 1206 166 1263 corpus.
225 1191 273 1250 cui
311 1191 410 1250 cibum
445 1191 560 1250 radices
596 1193 627 1248 et
657 1191 731 1249 folia
768 1209 881 1266 earum,
924 1191 994 1266 quia
1031 1194 1061 1249 et

68 1280 294 1356 expurgationem
316 1280 432 1339 faciunt
455 1282 485 1337 et
515 1280 662 1354 expellent
680 1279 804 1355 vitium,
835 1281 883 1338 vel
907 1281 932 1338 si
960 1280 1060 1338 fenum

67 1364 187 1426 habueris
218 1369 357 1443 viridem,
385 1369 469 1426 dabis
500 1367 603 1444 [nitrio
631 1366 780 1444 asperso]3
809 1370 857 1426 vel
881 1370 905 1426 si
935 1369 1060 1428 viridem

67 1473 114 1512 non
146 1457 298 1533 habueris,
333 1458 417 1516 dabIs
456 1457 573 1516 aridum
611 1457 703 1517 nitrio
742 1459 772 1514 et
806 1475 884 1532 aqua
916 1476 1059 1533 sparsum.

34 1553 55 1590 1⁵
67 1545 109 1600 cut
138 1545 253 1621 lupinos
292 1549 458 1605 maceratos
497 1547 544 1605 die
582 1548 612 1604 et
646 1549 732 1605 nocte
766 1546 799 1603 in
833 1563 912 1621 aqua
954 1547 1058 1605 deinde

67 1631 173 1692 siccabis
196 1637 227 1692 et
250 1635 292 1694 sic
316 1636 343 1693 ei
366 1635 450 1694 dabis
472 1635 552 1694 idem
574 1637 752 1694 manducare
776 1634 887 1693 clatum
910 1635 1057 1694 diurnum.

67 1719 86 1776 si
107 1717 158 1799 [se]
187 1723 307 1782 morbus
331 1743 366 1782 ex
392 1725 448 1783 hoc
480 1743 511 1783 sc
543 1743 603 1783 non
631 1723 821 1798 abstraxerIt,
853 1726 1059 1800 paracenteein

67 1807 141 1868 iacies
163 1811 197 1870 de
219 1815 332 1872 ventre.
370 1832 457 1888 quem
479 1833 539 1872 non
559 1814 611 1872 diu
630 1812 773 1872 exiccabis
793 1813 823 1870 et
841 1812 988 1888 paulatim
1005 1833 1059 1888 per

67 1895 116 1956 dies
137 1900 173 1958 ab
193 1901 340 1960 umbelico
367 1902 429 1959 IIII
457 1901 560 1980 digitis
583 1903 701 1980 longius
725 1901 763 1960 ad
785 1904 934 1960 veretrum
956 1920 1058 1961 versus

35 1987 161 2062 angiae
183 1991 304 2067 pungis,
328 1992 362 2049 ut
384 1991 560 2066 peritoneon
582 1992 681 2067 ipsum
704 2006 832 2065 rumpas.
879 1992 910 2048 et
932 1991 1057 2050 subicics
1077 1992 1134 2050 402

67 2072 178 2135 fistulam
201 2080 380 2138 centebalem
407 2081 437 2138 et
465 2080 591 2138 sustines
617 2083 772 2139 humorem
795 2097 918 2138 currere.
969 2101 1056 2156 quem

68 2164 175 2239 excipies
212 2168 245 2225 in
279 2185 368 2243 vaso,
405 2169 485 2243 quod
512 2169 585 2227 satis
612 2170 669 2228 tibi
700 2169 826 2228 videtur.
879 2172 909 2226 et
938 2171 1056 2228 auferas

67 2249 178 2313 fistulam
201 2259 231 2314 et
254 2255 312 2315 duo
336 2275 431 2333 grana
458 2258 530 2316 salis
557 2258 589 2315 in
612 2258 704 2335 plaga
732 2257 872 2334 subicies,
900 2259 935 2316 ut
961 2260 1057 2334 possit

67 2357 113 2398 non
133 2344 255 2420 eludere,
279 2347 310 2402 et
332 2363 420 2420 super
439 2337 444 2426 1
465 2347 692 2422 emplastellum.
729 2365 796 2405 cum
814 2347 991 2406 exiccaveris
1009 2352 1053 2406 to·
1080 2352 1181 2409 resfa

37 2435 57 2474 ²⁵
68 2428 117 2487 tum
132 2431 292 2508 humorem,
311 2437 413 2492 curato
433 2435 540 2494 vulnus
559 2436 718 2513 diligenter
731 2438 762 2494 et
775 2435 946 2511 potionibus
960 2439 1055 2495 catar-

67 2516 119 2577 licis
131 2540 194 2580 enm
212 2523 370 2598 potionato
389 2525 420 2580 et
433 2527 566 2582 exerceto
586 2543 653 2582 eum
670 2525 748 2583 inter
762 2524 833 2600 dies,
852 2526 944 2583 donec
961 2526 1054 2584 sudet.

67 2611 159 2678 quanto
190 2611 299 2670 fortior
334 2611 438 2687 fuerit,
465 2614 550 2672 tanto
575 2614 683 2691 agilius
703 2616 819 2688 parato.
865 2613 1012 2672 abstineto
1037 2633 1055 2672 a

66 2697 124 2766 potr
145 2699 314 2760 cottidianis
338 2700 449 2759 diebus.
494 2701 643 2760 modicum
665 2703 756 2762 bibat.
803 2719 908 2760 sanum
930 2702 989 2761 fiet.

20 2779 21 2782 ¹
117 2783 240 2846 XLVIII
249 2787 293 2846 De
301 2789 388 2848 farto.
404 2788 429 2848 si
437 2789 516 2865 quod
524 2791 690 2849 iumentum
698 2792 845 2850 fartosum
854 2787 911 2865 [in]
918 2793 1053 2850 ventrem
1071 2793 1128 2850 403

39 2867 191 2952 ababuerit,
199 2895 267 2936 eum
275 2877 408 2953 ebiberit,
418 2881 537 2937 tanturn
544 2881 645 2938 sufflat
652 2880 780 2938 inflatus.
801 2879 1053 2939 siceumcnrabis.

67 2958 152 3022 cineris
161 2966 253 3026 lixiva
263 2967 424 3025 sextarium
433 2968 472 3042 ·I·,
484 2969 669 3046 plantaginis
679 2987 777 3028 semen
788 2968 932 3027 conterite
944 2972 974 3026 et
983 2968 1053 3028 dato

19 3117 20 3124 1
66 3046 176 3112 iumento
186 3049 245 3132 †et
255 3073 277 3113 s.
288 3073 309 3113 s.
321 3056 388 3131 citu,
402 3075 496 3132 usque
511 3077 569 3132 quo
583 3058 718 3116 resedeat
732 3057 855 3116 inflatio.
876 3075 980 3115 sanum
993 3057 1052 3116 fiet.

67 3165 143 3222 πλεῖον
174 3169 287 3238 ἱδρῶτες
319 3168 461 3240 γένωνται.
499 3171 658 3241 ἐμποδίζειν
686 3169 716 3226 δὲ
745 3171 832 3226 αὐτὸν
859 3168 979 3227 πίνοντα
1007 3173 1052 3226 ἐπὶ

67 3236 151 3305 πλεῖον,
160 3239 206 3296 ἴνα
217 3241 254 3311 μὴ
266 3240 292 3296 οἱ
306 3251 440 3304 cessares
454 3246 646 3312 πληρωθῶσιν.
661 3245 670 3314 1
685 3250 700 3296 2
715 3242 788 3298 tibia
803 3244 842 3298 B:
857 3242 958 3312 11111115
973 3243 1052 3314 ligna

68 3318 115 3360 eun
126 3311 257 3380 tetigistis
272 3311 372 3366 eadem
386 3315 395 3382 11
409 3317 425 3367 6
439 3315 578 3368 reclinans
591 3317 601 3384 1
616 3320 630 3367 7
646 3317 675 3368 et
684 3316 724 3370 B:
738 3330 790 3368 nec
803 3314 813 3384 11
828 3320 859 3368 11
875 3329 948 3383 quae
963 3317 991 3369 et
1000 3315 1038 3369 M

68 3379 91 3426 17
108 3381 137 3446 cf.
157 3399 241 3451 supra
261 3387 334 3450 233;
350 3385 428 3451 infra
445 3387 501 3440 679
517 3391 542 3440 et
559 3389 614 3440 703
628 3387 637 3455 11
657 3391 688 3440 19
705 3387 844 3454 feretrem,
861 3405 879 3440 v
894 3401 1024 3455 separer.

68 3447 93 3496 21
100 3453 164 3506 certe
177 3454 273 3510 talem:
288 3453 456 3509 centeralem
475 3456 537 3526 ch.
552 3458 561 3525 1
576 3461 609 3509 27
624 3460 734 3514 curato:
753 3474 821 3512 corr.
836 3459 864 3511 B
878 3458 935 3528 1131
951 3474 984 3512 ex
998 3477 1019 3512 s.
1031 3476 1051 3512 s.

68 3513 94 3584 Β,
109 3522 137 3587 ef.
152 3541 179 3593 p.
197 3529 308 3592 126,23
326 3543 363 3596 sq.
975 3531 977 3536 ’
