2470 3902
195 177 258 240 112
381 174 662 230 MULOMEDIGINA
681 175 850 230 carnonis
870 179 1009 229 sci-369

194 327 327 406 graviter
358 329 388 384 et
414 327 446 385 in
474 345 595 402 corpore
628 327 722 402 ipsius
750 328 829 385 exire
862 327 938 386 solet
966 345 1026 384 non
1053 323 1198 383 adsimiles

194 416 371 476 sorunculos
418 417 460 474 sic
479 436 546 473 eum
565 416 689 475 curabis.
705 417 781 475 turis
799 415 924 476 masculi
941 413 1040 491 pondo
1059 412 1100 488 11,
1123 431 1198 488 mag·

194 523 245 564 ma
272 505 350 563 croci
373 503 393 568 3
419 550 426 562 .
451 550 457 562 .
482 551 488 562 .
518 505 610 562 mirra
628 503 705 580 511,
728 506 801 564 haec
827 504 927 564 omnia
949 503 1022 562 bene
1050 504 1128 560 tusa.
1175 503 1199 558 et

119 605 121 612 '
195 599 231 652 ex
264 612 298 652 eo
328 594 544 654 medicamento
576 593 754 653 coclearium
786 614 822 652 cx
852 593 916 652 ovis
947 610 1070 650 numero
1097 589 1146 648 ΠΙ
1175 591 1199 646 et

196 701 306 758 aquarn
328 683 507 758 temperabis
531 685 561 740 et
584 683 625 742 sio
649 683 677 742 ei
700 683 792 741 dabis.
829 683 854 740 si
877 681 975 741 cibum
997 699 1057 739 non
1081 680 1225 755 appetite

137 847 139 851 Ι
172 849 173 852 ¹
196 773 227 828 id
250 772 499 830 medicamentum
525 791 561 830 ex
583 772 661 830 lacte
685 773 806 847 caprino
833 771 961 829 mixtum
983 772 1013 827 et
1036 768 1136 827 mellis
1158 767 1199 825 de·

113 865 116 880 ⁵
197 862 272 919 cocti
297 857 474 919 coclearium
497 860 527 918 ·I·
551 860 644 920 dabis.
680 860 729 920 vel
752 879 855 920 sucum
876 861 991 918 tisanae
1015 877 1084 916 curn
1102 875 1159 916 ovo
1177 859 1200 913 et

198 950 263 1009 oleo
290 969 410 1008 rosaceo
438 969 506 1009 cum
533 950 635 1008 eodem
659 949 874 1008 medicamento
901 949 1028 1006 mixtum
1054 946 1200 1022 potionem
1233 937 1234 974 ³

119 1037 289 1098 tardabis.
330 1038 446 1098 curabis
470 1039 497 1096 ei
520 1041 551 1096 et
573 1037 646 1096 offas
670 1038 740 1097 dare
763 1057 799 1097 ec
821 1037 936 1096 farinae
958 1035 1089 1094 triticiac
1113 1037 1200 1094 sexta·

125 1195 144 1208 .,
196 1128 256 1186 rios
280 1127 353 1185 duos
376 1130 406 1185 et
424 1127 487 1185 ervi
503 1126 616 1203 polline
635 1129 796 1186 sextarium
820 1127 864 1185 ·I·.
901 1125 1048 1184 admisces
1064 1143 1098 1182 eo
1117 1123 1225 1181 medi-n

122 1227 123 1230 ’
197 1218 332 1276 cemento
352 1235 373 1274 s.
393 1235 415 1275 s.
437 1216 582 1275 coclearia
600 1215 636 1291 V,
660 1219 690 1274 et
713 1236 749 1274 ex
770 1217 848 1275 lactc
871 1215 1071 1289 cuiuscunque
1093 1212 1199 1288 pecoris
1233 1238 1234 1241 ¹

198 1304 377 1382 conspergiS,
400 1308 431 1362 ct
457 1305 496 1363 ad
523 1305 596 1365 offas
623 1324 745 1363 numero
769 1305 828 1362 VH
851 1304 971 1362 diurnas
998 1303 1040 1361 sic
1069 1302 1097 1360 ci
1126 1300 1199 1359 dabis
1233 1327 1234 1330 ¹

197 1395 267 1470 post
279 1394 430 1468 potionem
445 1395 617 1454 cottidianis
634 1394 745 1469 diebuS,
763 1413 857 1470 usque
876 1393 946 1450 dum
965 1391 1063 1450 cibum
1082 1390 1200 1448 libenter

199 1484 331 1557 appetat.
368 1485 415 1542 oui
434 1483 557 1542 offerens
576 1503 693 1543 omnem
712 1501 809 1541 escam
830 1482 956 1541 viridem
977 1483 1103 1557 propter
1125 1478 1200 1538 fasti·

199 1571 281 1629 dium
308 1572 356 1630 vel
383 1572 525 1631 lenticula
552 1572 601 1630 vel
628 1572 762 1631 triticum
789 1571 837 1630 vel
864 1570 985 1629 ordeum
1014 1569 1200 1627 torrefactum
1210 1581 1225 1622 rt

80 1659 181 1718 126'a
199 1681 266 1720 cum
288 1661 376 1736 palea
399 1661 492 1736 dabis,
516 1652 685 1742 quodlquod
704 1681 739 1719 ex
756 1661 803 1719 his
822 1659 949 1718 libenter
967 1659 1101 1734 accipere
1120 1657 1199 1716 volet.

199 1769 283 1824 cura,
314 1753 349 1808 ut
380 1750 502 1809 cottidie
530 1750 607 1809 lacte
634 1769 735 1809 recens
763 1749 827 1824 des,
860 1750 890 1806 et
917 1749 942 1807 si
975 1765 1035 1805 non
1060 1745 1199 1817 habueris,

199 1858 302 1914 aquas.
339 1839 428 1898 sinito
447 1859 514 1896 cum
533 1838 695 1911 ambulare,
718 1857 776 1914 quo
794 1856 888 1912 usque
906 1837 1014 1895 fortius
1038 1855 1068 1894 se
1087 1835 1200 1904 habeat

199 1927 389 2005 postmodum
419 1928 567 2002 paulatim
598 1947 651 2004 per
678 1929 860 1992 crementum
892 1925 1048 1984 exercebis.
1095 1924 1137 1984 sic
1163 1941 1199 1982 sa·
1233 1954 1234 1958 =

1 2033 2 2060 ³
200 2036 271 2075 num
293 2016 352 2074 fiet.
1209 2025 1225 2066 s

1 2125 2 2132 ¹
123 2103 201 2158 868*
266 2103 380 2163 XXXII
403 2102 435 2162 si
456 2105 627 2180 pulmonem
650 2104 775 2179 dolebit,
805 2105 847 2163 sic
870 2121 937 2162 eum
958 2101 1113 2178 intelligis.
1158 2119 1200 2158 an·
1233 2120 1234 2123 ¹

1 2197 2 2216 ³
130 2263 131 2266 Ἴ
200 2194 295 2269 helat,
324 2193 454 2268 suspirat
481 2195 614 2271 graviter
637 2197 667 2252 et
688 2193 779 2252 tussis
801 2193 981 2267 insequitur,
1007 2191 1053 2248 ita
1080 2193 1116 2248 ut
1138 2191 1199 2249 ster-
1233 2225 1234 2228 =

125 2287 128 2304 ¹
200 2285 273 2357 teat,
296 2282 502 2358 excreabitque
524 2283 725 2359 purulentum.
765 2285 834 2357 post
857 2281 919 2340 dies
943 2280 1068 2355 aliquos,
1097 2278 1200 2337 nonin
1233 2284 1234 2287 ’

200 2373 324 2450 recenti,
358 2373 388 2430 et
413 2372 561 2447 prioribus
583 2371 707 2447 pedibus
735 2370 896 2446 claudicat,
929 2371 959 2427 et
988 2371 1127 2445 putorem
1155 2383 1200 2442 per

201 2479 287 2520 nares
306 2479 428 2538 gravem
447 2461 585 2536 ostendit,
609 2460 770 2518 difficiliter
793 2479 823 2518 se
841 2458 968 2518 iactabit
990 2460 1020 2516 et
1038 2457 1225 2515 febricitauss

201 2551 233 2608 in
260 2551 414 2626 praesepio
442 2549 599 2623 incumbit,
626 2549 814 2626 fatigationis
837 2547 978 2606 beneficio
1006 2549 1136 2605 stercora
1156 2542 1199 2600 ad-

203 2639 327 2698 sellatur
342 2636 397 2714 [et]
415 2639 489 2696 dura
504 2641 534 2697 et
543 2639 593 2697 vix
607 2630 732 2696 conatur
746 2638 784 2694 ad
801 2636 1005 2696 adscllandum
1020 2637 1051 2693 et
1065 2635 1198 2692 anxiatur.

128 2798 130 2804 Α
201 2728 234 2786 hi
257 2727 354 2788 solent
376 2731 406 2786 et
429 2729 601 2803 corruptum
624 2727 772 2802 adsellari,
800 2729 826 2785 st
849 2725 967 2802 quando
991 2725 1023 2782 in
1047 2722 1197 2802 digestione

125 2813 186 2868 869
204 2817 282 2876 male
295 2811 411 2893 accepti
424 2817 544 2875 fuerint.
575 2817 682 2874 horum
701 2816 814 2893 curatio
835 2814 963 2873 difficilis
983 2813 1048 2871 erit.
1085 2813 1125 2872 sic
1141 2827 1197 2867 eum

204 2925 289 2964 curas
317 2905 498 2964 admodum
526 2924 547 2964 s
571 2925 593 2964 s
644 2923 753 2980 aquarn
776 2905 818 2964 eis
848 2903 947 2963 bibere
977 2901 1071 2976 dabis,
1099 2903 1129 2958 in
1149 2911 1225 2971 quatl

204 3015 307 3053 ervum
334 2998 502 3054 antecessus
533 2995 629 3053 lotum
655 2993 779 3067 mansit,
811 2996 842 3052 et
874 3011 986 3068 aquam
1017 2991 1081 3049 eius
1110 2987 1197 3046 bibere

204 3083 296 3141 dabis.
343 3085 503 3160 quodquod
530 3083 679 3159 pulmonis
707 3100 797 3141 causa
828 3082 980 3156 laborant,
1012 3075 1197 3139 detrahendus

259 3394 264 3405 Ι
278 3331 291 3376 1
311 3341 348 3394 sq.
364 3325 468 3379 similia
487 3324 640 3379 furunculis
659 3322 807 3377 tubercula
824 3323 977 3376 nascuntur
1001 3321 1063 3391 ch.
1080 3321 1120 3389 {13
1141 3315 1197 3382 hys·

204 3411 267 3475 sopi
289 3395 387 3449 uncias
406 3397 485 3464 duas,
503 3395 603 3450 trifolii
626 3393 739 3476 unciam
761 3411 847 3447 unam
872 3394 936 3446 add.
962 3392 1027 3473 ch,
1044 3396 1053 3459 ΙΙ
1071 3398 1086 3444 5
1104 3391 1197 3454 tempu·
1233 3411 1234 3466 ζ

205 3465 472 3604 athalanta
486 3465 746 3604 stttttht
760 3466 822 3535 Μ·
842 3465 937 3534 ΜΗ
951 3468 984 3516 ²⁸
1151 3457 1176 3510 B
1190 3453 1199 3522 '¹
