2474 3910
214 187 496 244 MULOMEDICINA
515 187 684 244 CHIRONIS
703 193 843 242 crs-617
969 187 1029 253 197

40 339 95 395 tura
112 341 190 416 sunt,
215 339 314 398 omnia
331 339 401 398 huic
414 338 488 398 vitio
507 339 694 399 conveniunt
720 338 794 398 facit
807 341 909 397 autem
923 343 949 397 et
961 339 1030 399 hoc:

38 426 80 484 flos
97 427 185 486 calcis
204 430 236 485 et
254 428 374 487 sulfurIs
392 427 459 503 pari
476 425 533 504 [et]
553 428 690 502 corberia,
707 427 740 486 in
759 446 816 503 quo
836 427 945 486 adicies
964 428 1029 486 lane

37 515 120 574 oleum
138 518 294 595 tanquam,
313 517 456 595 frigidam
469 519 499 574 et
518 516 652 592 oblinies‚
671 519 702 574 et
720 518 779 575 stet
792 517 824 574 in
838 517 931 575 solem
945 517 1031 576 cotti·

36 604 71 661 die
93 605 145 663 sub
170 605 255 682 divo,
279 611 359 666 cocta
381 610 490 681 autem,
513 606 538 664 si
560 606 652 664 fuerit
674 607 779 664 cestus.
825 605 899 663 facit
921 605 1032 664 adhoc

21 693 100 751 vaus
116 695 274 772 purgatio:
293 715 328 754 ex
345 695 436 754 nitrio
455 697 486 754 et
504 695 665 754 cucumeris
684 693 812 753 silvatici
829 693 959 752 radicem
972 693 1031 753 fiet.

87 783 220 842 XXVIII
249 782 373 844 Glevum
401 783 591 843 morticinum
619 784 652 842 in
682 782 839 860 suffragine
871 782 896 840 si
925 785 1029 840 natum
1047 784 1104 840 615

33 870 119 945 tuerit,
143 872 188 930 sic
212 872 336 931 curabis.
368 891 455 948 porro
471 873 624 949 sectivum,
643 872 743 948 salem,
762 872 948 946 fermentum,
965 871 1031 928 her·

33 958 89 1017 bam
102 960 292 1039 urciolarem,
316 962 461 1039 axungiae
475 961 617 1037 pusillum
640 963 773 1020 conteres
792 961 824 1020 in
841 979 901 1018 uuo
921 961 952 1018 et
966 958 1031 1017 alli-

32 1048 104 1123 gabis
117 1051 150 1108 in
165 1050 336 1129 suffragine.
368 1051 458 1109 tertio
478 1051 526 1109 die
541 1051 650 1109 solvito
665 1052 696 1108 et
710 1069 812 1109 arvum
826 1049 965 1108 molitum
978 1048 1032 1105 tri·

21 1136 111 1197 duum
125 1139 263 1216 alligato.
287 1158 353 1198 cum
366 1139 480 1214 exierit,
495 1139 562 1198 aliis
571 1139 794 1198 medicamentis
803 1138 903 1197 uteris.
928 1155 1031 1196 sanum

31 1224 79 1284 fiet.
114 1231 146 1286 et
171 1229 199 1288 si
215 1228 301 1286 radix
319 1229 510 1302 remanserit,
532 1229 600 1286 inde
624 1228 697 1286 scies
718 1227 922 1305 cartilaginem
942 1225 1031 1285 nasci.

32 1316 116 1374 sitiet
134 1317 281 1394 fistulam,
303 1318 399 1376 facere
419 1317 576 1394 collirium,
597 1317 731 1392 subicies,
754 1317 834 1392 quod
856 1335 877 1375 s.
897 1335 918 1374 s.
933 1315 1031 1373 habes.

86 1407 187 1464 XXIX
223 1406 255 1465 si
296 1425 388 1482 equus
424 1424 563 1465 coronam
599 1405 767 1479 intorserit,
803 1406 883 1480 quod
918 1404 1027 1464 dicitur
1044 1403 1103 1459 tlt

32 1495 207 1571 stremmam,
231 1495 272 1554 sic
294 1495 452 1572 intelligas.
498 1495 623 1571 prandes
646 1494 760 1552 duabus
784 1487 788 1574 Ι
813 1493 949 1552 manibus
971 1513 1025 1552 un·
1050 1495 1154 1553 140³a

21 1585 122 1656 >gulam
146 1586 181 1642 et
202 1584 385 1643 introversus
408 1589 528 1658 torques.
574 1583 748 1643 sisenserit
775 1583 919 1657 dolorem,
945 1579 1030 1658 [non]

31 1669 148 1733 intorsit.
213 1673 269 1733 hoc
310 1672 377 1748 equi
422 1673 594 1750 quadrigari
636 1672 762 1730 maxime
802 1674 833 1730 et
871 1673 1034 1730 castrenses

35 1755 107 1837 [hiis]
132 1762 302 1838 patiuntur,
324 1762 457 1836 reliquae
480 1762 630 1821 veterinae
665 1761 791 1819 maxime
820 1759 946 1836 parcius.
992 1758 1033 1817 sic

33 1851 146 1910 curabis.
196 1850 337 1929 sanguine
366 1851 401 1909 de
431 1869 539 1910 corona
568 1851 685 1909 emittes
713 1850 750 1908 ab
780 1869 814 1908 ea
844 1849 944 1924 parte,
975 1866 1034 1921 qua

33 1939 116 1997 maior
147 1939 235 1999 dolor
264 1940 335 2015 erit,
367 1942 398 1998 et
428 1939 525 2016 ipsam
557 1959 695 1999 coronam
727 1937 917 2015 scarificabis‚
949 1937 1033 1995 vaste

20 2030 107 2087 laceto
131 2033 165 2088 et
189 2028 249 2088 sale
277 2028 436 2088 eraniabis.
483 2029 574 2087 uteris
604 2027 681 2087 lanis
711 2027 820 2086 sucidis
850 2046 885 2085 ex
915 2026 979 2085 oleo
1004 2027 1034 2084 et

34 2115 91 2175 vino
115 2122 147 2177 et
164 2137 295 2194 unguem
313 2118 416 2177 subtus
438 2118 616 2177 fomentabis
635 2117 813 2192 saepissime.
849 2115 939 2175 tertio
958 2134 1030 2191 quo·
1049 2113 1105 2169 617

35 2223 82 2277 que
111 2207 161 2266 die
191 2207 364 2283 renovabis,
394 2207 516 2266 cottidie
547 2206 696 2265 suffundas
726 2225 780 2281 per
809 2205 871 2264 dies
896 2207 945 2264 12.
992 2204 1034 2264 sic

34 2292 218 2372 fomentabis,
249 2298 341 2372 prout
373 2296 443 2354 anni
474 2298 591 2371 tempus
622 2295 721 2353 fuerit.
774 2295 816 2354 sic
847 2295 879 2352 in
910 2293 1033 2369 reliquis

34 2384 229 2444 curationibus
251 2385 421 2444 memineris
443 2388 579 2460 tempora
602 2383 673 2442 anni
695 2383 850 2443 custodire.
897 2383 922 2441 si
950 2382 1035 2440 dolor

20 2472 100 2530 ⁵nihil
127 2474 288 2550 minuerit,
317 2473 482 2550 quadriduo
511 2475 691 2548 temperato,
717 2473 773 2531 hoc
803 2474 849 2531 est
878 2470 1033 2530 abstineto.

35 2558 130 2622 deinde
154 2564 253 2621 lorum
270 2563 317 2621 illi
336 2562 476 2638 deponito
500 2564 531 2620 et
552 2581 682 2639 unguem
700 2561 859 2638 diligenter
882 2557 1033 2618 subradito

35 2652 200 2727 aequaliter,
220 2670 320 2712 susum
337 2652 370 2710 in
389 2651 589 2728 suffraginem,
607 2651 765 2729 corrigiam
784 2653 813 2708 et
830 2646 1035 2724 constringite,
1137 2663 1138 2668 ¹

35 2743 238 2753 Ἇ--ο-Μ.

98 2793 112 2838 1
134 2786 164 2838 et
178 2786 277 2840 addidi
289 2787 298 2853 l
317 2791 332 2837 2
368 2784 440 2838 ariet
453 2789 462 2854 {J
480 2790 497 2836 4
514 2786 597 2838 nocte
612 2785 707 2837 autem
725 2783 808 2853 (quod
822 2783 849 2836 B
868 2784 899 2835 ia
918 2778 1034 2835 cottidie

36 2851 108 2910 latere
114 2859 210 2926 patet)
219 2804 463 2928 mpplealaestas
473 2856 582 2924 scripsi:
593 2857 671 2908 stans
685 2855 694 2926 ll
709 2859 724 2906 8
735 2851 913 2924 urtiolaremll
923 2858 955 2905 11
967 2849 1035 2904 arti·

35 2921 151 2994 laginam
173 2930 176 2997 1
196 2945 233 2997 sq.
256 2928 330 2982 unde
349 2927 420 2981 scias
437 2925 633 2995 cartilaginem
650 2925 729 2978 nasci
748 2927 777 2979 et
792 2923 916 2977 fistulam
934 2922 1035 2990 facere,

35 2995 167 3052 collirium
181 2997 301 3053 subicies
315 2999 343 3052 B
361 2999 370 3068 [1
389 3003 422 3051 12
442 2997 466 3051 si
479 2999 578 3052 addidi
591 3000 600 3068 11
619 3003 653 3050 14
667 2997 760 3066 Ρεῐαρ.
774 2999 831 3050 256
846 2996 851 3065 l
866 3011 903 3063 sq.
918 3007 1034 3062 ungere:

35 3083 93 3125 cova.
110 3071 204 3140 Pelas.
222 3072 226 3142 1
241 3071 355 3139 torques
375 3068 399 3122 ri
416 3069 505 3138 suppl.
523 3069 615 3138 Peleo.
631 3070 687 3137 1116
707 3066 731 3120 si
750 3066 930 3120 vehementer
951 3063 1035 3131 dolet,

36 3143 135 3194 certum
149 3145 193 3195 est
206 3139 342 3195 intortum
355 3156 478 3210 unguem
492 3155 560 3194 esse.
586 3139 617 3191 id
631 3138 697 3206 equi
711 3137 819 3192 curules
833 3136 993 3205 frequenter
1005 3133 1035 3187 in

37 3211 181 3266 certamine
190 3210 437 3282 patiunturPelay.
450 3211 454 3284 l
466 3209 553 3279 etqui
565 3209 569 3282 t
582 3211 722 3263 castrense
736 3211 746 3278 ΙΙ
761 3213 793 3262 17
803 3207 924 3261 maxime
933 3205 1028 3276 derat

37 3285 63 3332 21
85 3299 202 3354 ungere:
231 3282 351 3337 articulo
375 3284 404 3336 et
426 3281 514 3352 ungui
536 3279 689 3351 imponitur
708 3281 801 3350 Petoy.
822 3281 831 3349 ΙΙ
855 3284 888 3331 23
910 3294 961 3348 pro
980 3277 1029 3346 etl

38 3357 64 3404 15
82 3353 240 3424 quadriduo
253 3353 295 3408 B:
312 3353 386 3422 quod
420 3353 491 3407 ridie
504 3355 514 3422 ΙΙ
528 3358 562 3405 26
576 3367 650 3421 unge
664 3353 673 3420 lt
687 3356 720 3405 27
740 3353 769 3405 et
787 3348 920 3419 qualiter:
941 3348 1036 3403 subter

36 3425 150 3480 molliter
167 3423 277 3479 raditur
291 3372 424 3493 scalpelid
438 3423 564 3478 famicali
582 3425 612 3476 et
625 3423 667 3494 [a]
683 3420 856 3491 quaternarii
869 3419 1035 3491 magnitudo

36 3495 151 3566 tollitur,
176 3499 226 3552 aut
245 3495 269 3548 si
286 3495 349 3566 plus
367 3495 484 3566 pendet,
503 3511 591 3563 usque
610 3495 647 3547 ad
664 3493 761 3548 vivum
778 3492 885 3563 ungula
903 3491 1034 3562 aperitur,

38 3565 71 3619 sic
87 3571 183 3622 tamen
201 3583 236 3622 nc
256 3584 286 3622 cs
304 3569 406 3637 tangas
426 3567 519 3635 Peluq.
537 3567 540 3634 Ι
557 3567 586 3619 et
