2474 3910
295 162 576 219 MULOMEDIOINA
595 162 764 220 OfflRONIs
783 169 922 220 (ιιι-111
1044 167 1107 231 231

462 345 634 410 LIBER
662 345 757 411 VIII.

386 476 402 532 1
428 475 464 533 (16
486 475 643 553 diligentia
666 494 808 550 equorum

386 565 404 621 2
428 564 464 622 (16
487 563 720 640 concipientibus

385 653 404 711 3
428 653 553 712 dentitio
576 653 673 728 prima

384 742 404 800 4
428 740 504 800 asini
527 743 684 817 conceptus

386 830 404 887 5
428 830 464 888 de
487 830 613 908 geminis

386 918 426 977 56
449 919 485 977 (16
508 937 578 977 cure

386 1009 404 1067 6
429 1025 571 1082 equarum
594 1009 698 1084 pertus

386 1099 403 1156 7
428 1096 463 1154 de
487 1095 595 1156 abortu

385 1185 404 1242 8
428 1185 464 1242 de
487 1184 590 1244 clauco

386 1275 403 1332 9
428 1273 463 1331 (16
486 1275 674 1348 beteropodes

364 1363 405 1422 10
427 1363 464 1420 (16
486 1362 614 1422 Parthos

364 1452 403 1508 11
428 1452 505 1511 decet

364 1541 404 1597 12
429 1539 464 1597 (16
488 1540 720 1615 concipientibus

366 1628 406 1686 13
430 1628 555 1688 scientes
577 1632 697 1704 partum

364 1718 404 1774 14
428 1716 464 1774 (16
486 1717 719 1794 praegnantibus

365 1806 404 1864 15
429 1805 465 1863 (16
488 1809 578 1881 partu

363 1894 402 1952 16
427 1895 464 1954 (16
487 1893 594 1954 abortu

365 1984 405 2043 17
425 1983 450 2041 ai
473 1986 624 2042 mortuum
645 1984 722 2044 feret

365 2073 406 2131 18
429 2071 465 2130 (16
487 2071 627 2132 mictionc

364 2162 403 2220 19
429 2160 453 2218 si
476 2179 579 2236 parere
601 2179 662 2220 non
684 2162 816 2236 potuerit

364 2251 406 2309 20
429 2249 464 2307 (16
489 2249 700 2327 expurgatione

364 2339 403 2396 21
429 2338 454 2396 ei
478 2338 605 2396 exilierit

363 2428 403 2485 22
427 2426 464 2485 (16
487 2427 701 2504 expurgatione

363 2516 404 2573 23
429 2515 454 2574 si
476 2515 628 2590 concipere
650 2534 711 2575 non
733 2517 865 2591 potuerit

364 2605 405 2661 24
429 2604 465 2662 (16
487 2604 570 2680 pullo
593 2606 711 2664 mortuo

365 2693 404 2752 25
429 2693 454 2751 si
476 2711 580 2768 parere
603 2710 662 2751 non
684 2694 816 2768 potuerit

365 2781 405 2840 26
430 2781 465 2838 (16
488 2780 635 2858 verginali
811 2795 813 2800 '

365 2871 405 2927 27
430 2870 465 2928 (16
488 2870 721 2947 praegnantibus

363 2960 404 3018 28
429 2959 454 3017 ei
476 2959 605 3018 volueris
627 2961 841 3036 praegnantem
863 2957 926 3018 fieri

365 3048 403 3106 29
429 3047 454 3106 si
477 3065 537 3106 non
559 3047 691 3122 potnerit

363 3135 405 3195 30
427 3135 459 3194 in
481 3136 632 3214 verginele
654 3136 763 3195 vulnus

364 3225 403 3281 31
430 3224 455 3283 ei
478 3225 591 3300 prurire
615 3223 744 3299 coeperit

363 3312 404 3370 32
427 3332 541 3374 vermes
563 3314 596 3372 in
618 3311 800 3385 verginalem

67 3437 318 3460 ...-----

172 3524 204 3571 11
228 3515 413 3586 6116161133
432 3515 604 3587 conceperit:
623 3533 691 3572 corr.
710 3516 789 3584 iufra
