2474 3910
203 153 270 218 234
392 150 673 207 MULOifflnlcmA
691 151 860 207 cfflRONIs
879 156 1020 208 τσο-σεε

202 305 338 381 eurigem
355 303 489 362 vetulum
506 303 539 360 in
557 321 633 378 eque
654 302 768 378 iuvene,
786 305 839 362 aut
856 303 959 362 vetula
977 320 1043 362 oum
1062 320 1142 377 equa
1156 303 1197 372 est,

202 393 338 471 aurigam
359 393 497 451 iuvenem
518 391 673 468 imponito.

129 481 185 537 too
269 481 329 542 VII
368 481 413 539 De
445 499 588 556 equemm
625 479 746 538 obortus
778 482 809 538 et
844 479 1001 539 mixtiones
1033 478 1198 537 naturaliter

204 570 451 648 quemadmodum
478 568 605 628 debeant
632 569 746 643 faeere,
775 571 807 627 et
835 569 968 644 quando,
1001 568 1083 644 qnod
1112 565 1199 644 appel·
1226 619 1227 630 τ

203 661 284 720 letnr
306 677 411 737 grneoe
434 658 544 733 oehiei,
566 675 684 717 neeesse
706 657 764 716 erit
786 657 860 716 seire
882 660 912 716 te
936 659 966 716 et
988 657 1052 716 hoo.
1092 657 1199 731 quiem·
1217 673 1227 714 ν

204 769 261 825 que
284 766 377 824 equus
399 747 537 806 habuerit
553 747 586 804 in
604 747 723 807 oculum
741 745 851 822 elbum,
870 746 950 821 qnod
966 765 1028 805 non
1045 746 1106 803 erit
1122 745 1199 821 plaga

203 839 331 911 fectum,
363 836 416 895 sed
445 835 630 894 notmaliter
654 835 787 912 olannus,
821 853 923 893 eorum
953 834 1122 893 admissura
1153 851 1199 891 non

204 927 261 986 erit
282 925 373 984 utilis.
407 924 458 984 sed
479 925 594 999 itenere,
618 943 685 984 eum
706 926 857 983 metnmm
878 923 977 999 fuerit,
996 923 1036 982 ed
1058 926 1199 982 eonsuetu-

204 1017 303 1074 dinem
324 1016 496 1074 revertetur.
542 1032 578 1071 ex
600 1031 634 1071 eo
658 1015 758 1071 nutem
781 1013 807 1072 si
832 1009 893 1088 [ex]
919 1030 995 1088 eque
1017 1015 1093 1071 nate
1114 1011 1200 1082 fuerit

204 1123 241 1164 ea
266 1105 298 1163 id
324 1103 433 1162 vitium
458 1121 519 1161 non
546 1100 681 1176 habebit,
704 1104 827 1177 propter
850 1101 930 1176 quod
947 1103 1127 1160 ennottnem
1144 1117 1226 1176 pur-o

203 1193 355 1272 gestionem
377 1190 475 1250 hebet.
521 1190 573 1250 sed
595 1190 675 1265 quod
698 1210 733 1248 ex
755 1208 791 1250 ea
814 1208 891 1265 equs
913 1191 1019 1248 natum
1046 1189 1151 1264 fuerit,
1176 1187 1200 1244 id
1227 1211 1228 1216 ¹

128 1279 182 1335 751
203 1300 323 1342 oneoum
345 1281 403 1338 erit
425 1282 479 1338 eut
499 1277 559 1338 fiet.
605 1279 765 1354 quodquod
782 1279 861 1336 enim
884 1278 1049 1338 exsemine
1071 1277 1199 1356 languido

204 1369 338 1445 concepti
362 1371 460 1443 erimt‚
487 1385 604 1428 neeesse
626 1366 739 1426 hebent
766 1367 907 1442 quoniam
933 1367 972 1426 ed
998 1369 1140 1426 notmam
1159 1383 1199 1442 pe·

203 1462 320 1518 ternam
338 1457 458 1516 seminis
475 1456 626 1516 reverti...
645 1456 677 1515 hi
696 1456 815 1531 quidem
837 1475 891 1515 neo
913 1455 1073 1514 admittere
1097 1455 1199 1529 debent,

204 1547 256 1623 qui
273 1565 332 1606 uno
351 1545 488 1606 testieu'lo
510 1547 604 1606 erunt.
636 1545 810 1620 plerumque
831 1545 910 1603 enim
930 1545 992 1604 sine
1015 1545 1126 1603 semine
1144 1544 1224 1614 sinte

203 1637 279 1696 etsi
301 1635 448 1712 contingit
469 1634 510 1694 eis
532 1633 687 1708 seminare,
701 1633 812 1692 similes
833 1633 889 1692 sibi
911 1636 1021 1692 creent.
1054 1631 1199 1709 quodquod

204 1725 283 1784 enim
317 1724 428 1782 similia
455 1723 497 1782 eis
526 1721 579 1798 qui
607 1722 719 1781 hebent
744 1722 836 1795 vitio,
865 1723 1030 1781 admittunt
1060 1723 1198 1792 seminare,
1228 1715 1229 1736 ³

204 1815 262 1890 ipsi
281 1833 311 1873 se
330 1813 490 1888 decipiunt.
512 1829 630 1870 neeesse
648 1810 771 1869 hebebit
789 1831 856 1869 enm
874 1811 912 1868 nd
929 1810 1038 1870 vitium
1056 1814 1198 1886 paternum

205 1903 324 1964 seminis
345 1900 464 1960 reverti.
508 1918 579 1960 nem
601 1900 646 1974 hi,
669 1899 721 1975 qui
743 1900 775 1957 in
797 1900 844 1958 his
867 1899 1027 1977 seminent,
1048 1901 1100 1975 qui
1121 1917 1198 1957 unum

132 1986 187 2043 752
205 1991 375 2052 testiculum
393 1989 544 2050 babent...
562 2007 688 2064 qnorum
705 1989 931 2064 praependebit‚
949 1989 1089 2047 naturale
1107 1988 1226 2047 vitium»

205 2080 393 2156 appellant..
413 2079 570 2154 quierunt
594 2096 710 2154 semper
733 2077 861 2137 inutiles.
899 2079 1019 2152 oportet
1042 2076 1120 2136 enim
1146 2076 1196 2134 sine

205 2169 279 2228 vitio
303 2186 364 2227 esse
388 2186 464 2242 eum,
487 2167 654 2242 quicunque
678 2166 717 2224 nd
735 2166 939 2225 seminandum
956 2166 1090 2225 mittitur
1111 2181 1196 2240 equus.
1229 2153 1230 2238 i

277 2377 290 2424 1
310 2369 440 2424 iuvenem
456 2373 460 2441 Ι
475 2369 599 2425 vetulam
619 2386 689 2439 eque
708 2372 752 2424 est
777 2372 787 2440 ΙΙ
814 2376 830 2423 3
848 2387 886 2440 οη.
905 2369 940 2423 Η
956 2373 1000 2436 53,
1009 2373 1048 2424 23
1066 2372 1196 2439 ζητοῦντος

206 2443 236 2498 ἐν
258 2439 344 2497 τίνων
371 2444 417 2496 δεῖ
445 2442 494 2496 καὶ
522 2451 658 2496 ποταπῶν
688 2441 718 2496 τὸ
749 2441 842 2512 ὀχεῑον
868 2444 1028 2509 ποιεῖσθαι,
1056 2442 1195 2509 ἀναγκαῖον

205 2512 312 2570 εἰδέναι
335 2529 364 2567 σε
387 2514 437 2568 οιαὶ
454 2521 548 2567 τοῦτο·
576 2521 632 2567 τῶν
650 2511 771 2582 ἐχόντων
789 2511 820 2568 ἐν
837 2512 876 2585 τῷ
895 2513 1014 2584 ὁρατικῷ
1037 2509 1156 2578 λεύκωμα
1174 2527 1194 2560 τι

205 2587 256 2657 οὐχ
281 2585 336 2639 ὑπὸ
361 2588 467 2654 πληγῆς
493 2581 552 2637 ἀλλ’
582 2582 612 2637 ἐκ
635 2592 685 2638 τοῦ
710 2581 881 2652 αὐτομάτου,
911 2583 1018 2638 τούτων
1049 2584 1082 2637 οὐ
1110 2585 1149 2636 δεῖ
1167 2577 1195 2632 τὰ

205 2657 284 2728 ὀχεῖα
310 2655 470 2727 λαμβάνειν.
508 2651 686 2726 ζῳογονηθὲν
713 2653 766 2722 γὰρ
789 2656 838 2709 οιαὶ
866 2653 952 2708 ἐλθὸν
979 2653 1020 2716 εἰς
1046 2653 1098 2724 τὴν
1122 2649 1194 2716 αὐτὴν

204 2725 317 2797 ἠλικίαν
334 2734 474 2795 πηροῦται
492 2725 625 2787 ὡςοτύτως.
653 2733 686 2796 τῇ
706 2723 737 2779 δὲ
756 2724 853 2780 ἑανοῦ
872 2725 1000 2779 τοιούτου
1019 2723 1120 2779 tundit
1132 2740 1193 2792 γενο-

205 2796 274 2870 μένη
294 2799 327 2852 οὐ
346 2795 453 2866 γίνεται
470 2805 551 2851 τοῦτο
570 2795 619 2850 διὰ
641 2796 673 2850 τὸ
698 2795 771 2867 ἔχειν
793 2796 884 2866 αὐτὴν
902 2795 1081 2851 ἐντανσιοιίαν
1102 2793 1193 2856 witao

206 2886 258 2925 σιν,
294 2873 331 2941 τῷ
354 2865 386 2922 δὲ
409 2865 457 2922 bes
479 2869 565 2937 αὐτῆς
587 2864 754 2938 γεννηθέντι
777 2866 874 2936 ἄρρενι
892 2867 1020 2930 ὡςαύτως
1038 2864 1192 2939 συμβήσεται.

206 2938 267 2995 ὅσοι
299 2939 332 2994 δέ
363 2939 416 2994 εἰσι
447 2936 677 3007 ἃνσντατοίρτιστοι
708 2937 739 2992 ἐν
770 2947 803 3009 τῇ
836 2937 963 3010 ἐπιβάσει
994 2939 1044 2992 καὶ
1078 2937 1192 3007 προγενεῖς,

206 3008 372 3079 ἀποκριτέον
390 3011 439 3064 οιαὶ
457 3010 584 3078 τούτους,
607 3008 727 3079 ἥσσονας
749 3008 833 3072 ὄντας
856 3009 887 3065 ἐν
910 3013 947 3081 τῷ
967 3007 1044 3082 ἔργῳ.
1082 3009 1126 3062 οιαὶ
1141 3005 1191 3062 τοὺς

206 3080 351 3152 μονόργεις
377 3079 409 3136 δὲ
437 3081 470 3135 οὐ
496 3083 542 3135 δεῖ
567 3079 798 3152 παραλαμβάνειν
824 3078 947 3150 ἀγόνους
971 3079 1057 3142 ὄντας
1082 3077 1146 3134 κατὰ
1167 3073 1189 3126 τὸ

205 3156 333 3207 πλεῖστον
357 3151 374 3221 ἢ
394 3151 493 3220 ὅμοιον
535 3161 681 3214 εννῶντας.
717 3152 766 3205 οιαὶ
790 3150 850 3206 ὅσοι
873 3149 904 3205 δὲ
923 3150 997 3206 κατὰ
1014 3160 1071 3207 τῶν
1088 3149 1190 3215 διδύμαν

206 3224 334 3292 νιρισσοὺς
353 3223 475 3294 ἔχουσιν,
501 3172 533 3276 οἶ
546 3220 673 3292 λέγονται
691 3221 925 3294 νιρισσοτιοὶβτονες,
950 3221 1053 3277 &torol
1074 3221 1128 3276 εἰσι.
1159 3217 1191 3269 δεῖ

207 3293 259 3364 γὰρ
278 3294 327 3349 τὸν
349 3293 467 3364 ὀγεοτὴν
497 3292 595 3362 ἄρτιον
623 3288 697 3348 εἶναι
724 3290 926 3365 κεχαρισμένον
953 3294 1061 3356 παντὸς
1085 3287 1170 3346 αἰτίον.

207 3371 222 3418 7
242 3366 355 3419 oleveus
377 3367 387 3434 ΙΙ
410 3369 425 3416 8
446 3363 553 3418 seditur
574 3368 583 3433 11
612 3370 645 3419 10
664 3367 692 3419 et
708 3366 712 3433 Ι
729 3364 872 3419 annotieie
885 3380 952 3418 nem
979 3370 988 3432 ΙΙ
1017 3370 1050 3419 13
1070 3361 1189 3432 quonism:

207 3434 350 3514 qpondem
360 3436 388 3488 B
401 3436 459 3554 γ120
467 3451 505 3503 oq.
520 3451 585 3488 nom
600 3435 638 3502 hi,
653 3451 771 3501 quorum
784 3434 989 3518 pmependebit
1005 3439 1115 3503 natura,
1126 3427 1190 3499 quale

207 3508 309 3556 v1t1um
328 3519 401 3570 appe
424 3508 474 3556 ent
492 3503 659 3577 (αριστοτ),
677 3509 759 3560 erunt
778 3523 886 3576 semper
903 3505 1019 3561 mutiles
1038 3508 1065 3561 B
