2474 3910
187 165 251 228 218
374 163 655 220 MULOMEDIOINA
672 164 842 220 OHIRONIS
861 171 999 220 coa-ceo

186 315 400 374 demonstravi„
432 334 502 374 cura
521 317 599 374 enim
618 316 692 374 armi
716 315 853 374 similiter
875 319 995 375 curatur
1020 335 1081 376 nec
1105 315 1186 374 differt

186 404 307 479 aliquid.
353 423 458 462 sanum
480 404 539 463 fiet.

251 493 373 551 LXXIV
404 493 604 569 Quodcunque
630 493 795 552 iumentum
822 493 902 552 lacas
937 490 987 570 [si]
1015 495 1049 552 in
1086 491 1185 571 gambis

184 580 337 658 habuerit,
368 582 505 640 similiter
534 584 653 656 curato,
682 585 717 640 ut
746 582 907 658 aquatilia,
937 584 972 640 ut
1000 583 1128 640 flemina
1150 577 1185 655 [nt

69 705 72 712 ·
186 667 319 746 aqualia]
349 671 381 728 in
409 671 532 746 pedibus
561 671 709 746 prioribus
739 673 887 729 curantur.
932 671 1031 746 ipsam
1060 671 1210 748 regulans

185 778 271 818 curae
293 761 377 834 sequi
400 762 525 834 oportet.
572 779 676 818 sanum
698 759 757 818 fiet.

109 847 166 904 666
252 848 360 906 LXXV
384 848 584 923 Quodcunque
607 849 772 906 iumentum
795 847 969 924 gambosum
991 847 1105 922 fuerit,
1130 865 1183 904 san·

184 937 304 1014 guinem
328 938 355 995 ei
385 937 475 994 desub
504 937 618 1014 gambis
646 937 774 995 amittito
804 936 841 995 de
871 936 965 995 securi
990 937 1036 994 ocl
1065 937 1141 994 cella
1160 935 1183 992 et

184 1029 287 1084 curato
310 1025 447 1084 similiter
465 1029 499 1084 ut
517 1046 632 1102 genum.
665 1026 788 1103 longum
806 1025 885 1084 urito
905 1028 936 1083 et
953 1044 1074 1083 omnem
1095 1043 1182 1084 curam
1226 1095 1227 1102 ¹

185 1115 312 1173 similem
334 1114 477 1172 adhibito.
523 1133 627 1172 sanum
649 1113 708 1172 fiet.
1192 1123 1227 1194 61

107 1201 166 1258 694
250 1202 374 1261 LXXVI
404 1202 603 1278 Quodcunque
632 1202 799 1261 iumentum
827 1203 946 1260 inflatos
973 1201 1062 1277 pedes
1092 1201 1181 1260 fecerit

183 1292 232 1351 vel
254 1293 389 1350 ventosos
414 1292 462 1350 vel
485 1291 671 1364 reumaticos,
695 1291 736 1350 sic
759 1295 870 1350 curato.
912 1309 1002 1349 venas
1026 1289 1180 1348 intercidito
1226 1351 1227 1370 1

184 1379 340 1439 viscerales
370 1399 458 1454 super
485 1379 607 1458 gambas
631 1379 721 1438 simili
752 1380 853 1456 modo,
882 1380 958 1438 sicut
985 1379 1017 1436 in
1044 1379 1180 1454 prioribus
1226 1423 1227 1456 3

184 1468 307 1544 pedibus
331 1471 361 1526 et
383 1469 531 1528 suffusicio
554 1468 619 1527 fieri
639 1468 848 1527 demonstravi.
885 1467 1117 1544 malagmatibus
1138 1466 1179 1524 sti-
1226 1541 1227 1548 ¹

184 1556 272 1633 pticis
304 1559 335 1614 et
366 1557 505 1616 fomentis
537 1557 641 1615 calidis
673 1559 788 1633 curato,
821 1557 913 1615 donec
946 1557 1035 1614 siccet
1065 1555 1177 1613 inflatio.
1189 1566 1227 1622 1⁵¹

184 1665 289 1704 sanum
310 1646 369 1704 fiet.

107 1731 174 1787 665·
250 1734 389 1792 LXXVII
408 1734 608 1810 Quodcunque
626 1735 791 1792 iumentum
810 1751 946 1792 scaurum
964 1733 1077 1791 factum
1090 1731 1178 1802 tuerit

185 1824 226 1882 sio
256 1826 367 1882 curato.
414 1823 537 1881 eundem
567 1822 706 1898 deponito
736 1823 901 1881 iumentum
931 1824 961 1880 et
989 1822 1095 1897 pedem
1121 1819 1177 1878 dili·

184 1915 287 1989 genter
315 1912 492 1987 componito.
543 1915 657 1987 tempta
684 1913 828 1988 ungulam
855 1910 1009 1988 corrigere.
1059 1908 1177 1969 invenies
1226 1933 1227 1992 1

183 2021 306 2060 nervum
329 2001 360 2058 in
383 2001 573 2076 suffraginem
596 2004 713 2058 tensum
736 2003 767 2058 et
789 1999 988 2058 constrictum.
1036 2019 1101 2057 cunr
1121 2006 1203 2054 ner-2⁰

183 2109 254 2146 vum
273 2088 413 2163 scalpello
428 2086 520 2164 [inter
534 2086 655 2166 digitos]
675 2089 807 2164 incidito,
827 2088 929 2146 statim
948 2088 1078 2146 sonitum
1090 2084 1174 2144 reddit

183 2177 215 2233 in
238 2177 358 2254 ungula,
388 2177 502 2236 laxabis
525 2180 555 2235 et
578 2177 818 2236 consuetudinem
847 2177 1007 2252 pristinam
1028 2172 1173 2235 revocabis.

184 2266 268 2323 aceto
296 2267 327 2323 et
354 2265 418 2324 oleo
445 2266 579 2324 licinium
608 2263 665 2342 [et]
691 2267 834 2324 satiatum
860 2265 892 2322 in
920 2265 1044 2322 eandem
1069 2264 1174 2339 plagam

184 2352 353 2412 subcalcare
376 2357 407 2412 et
428 2354 544 2428 pulvini
566 2373 646 2412 more
670 2373 802 2429 pannum
823 2354 937 2412 factum
965 2352 1115 2430 suffragini
1136 2349 1173 2405 in·

183 2461 275 2517 pones
304 2444 334 2500 et
362 2442 509 2501 fasciabis.
554 2443 709 2502 fasciolam
739 2443 859 2501 madida
887 2462 922 2500 ex
951 2446 1037 2500 aceto
1067 2443 1095 2500 et
1119 2438 1201 2497 oleos

184 2532 342 2609 diligenter
364 2532 553 2608 constringis:
577 2550 642 2590 cum
664 2532 737 2589 bene
758 2531 938 2606 fasciaveris,
962 2531 1059 2590 solves
1077 2530 1171 2587 iumen

183 2621 248 2678 tum
280 2623 309 2679 et
341 2621 443 2698 eriges.
493 2621 625 2679 invenies
657 2640 724 2678 eum
755 2621 866 2678 rectam
898 2619 1043 2696 ungulam
1073 2632 1170 2693 ponere,

183 2711 261 2767 recte
295 2708 446 2767 ambulare
477 2709 539 2766 sine
571 2708 726 2786 clodigine.
776 2708 892 2767 curabis
919 2707 1028 2766 vulnus
1060 2701 1169 2774 cottidie,

185 2797 332 2872 quomodo
363 2798 395 2855 in
427 2797 532 2856 ceteris
565 2798 772 2856 demonstravi.
819 2815 923 2856 sanum
949 2795 1008 2854 fiet.

108 2882 165 2938 666
250 2885 404 2943 LXXVIII
431 2885 575 2944 Similiter
599 2889 628 2944 et
650 2885 799 2961 prioribus
822 2903 941 2944 scaurus
965 2887 1091 2943 curatur.
1122 2875 1198 2937 cui-³⁰

184 2993 297 3050 cunque
315 2975 446 3033 iumento
470 2976 501 3032 in
522 2975 656 3033 articulis
679 2975 727 3033 vel
745 2973 1096 3049 basibusposterioribus
1115 2983 1165 3026 con·

256 3166 269 3213 1
293 3178 378 3230 sopra
402 3166 457 3215 583
475 3165 484 3232 11
507 3168 523 3214 3
545 3179 631 3230 supra
650 3162 686 3230 51
711 3159 814 3214 lacassi
828 3163 866 3228 118
886 3159 931 3214 vel
954 3160 1053 3214 addidi
1070 3161 1079 3227 11
1099 3151 1162 3209 colb:

184 3233 218 3299 cf.
237 3249 322 3301 supra
336 3251 365 3302 p.
380 3236 426 3299 12,
439 3238 473 3287 11
497 3234 506 3302 11
531 3239 562 3286 12
581 3233 713 3286 ventosus
734 3235 738 3299 1
758 3230 919 3284 intercidito
937 3232 1035 3299 scripsi
1053 3229 1092 3299 (cf.
1109 3222 1162 3278 121

184 3310 209 3356 et
226 3320 255 3371 p.
274 3307 338 3370 216,
356 3307 417 3372 21):
445 3303 519 3357 inter
537 3302 641 3371 digitos
664 3304 673 3371 11
697 3308 730 3355 14
748 3302 870 3370 pellibus
895 3303 905 3370 11
933 3296 1162 3375 19temtalin311·

183 3372 241 3423 lam
268 3375 277 3436 11
304 3378 336 3424 21
356 3373 536 3427 intercidito?
563 3376 572 3441 11
599 3379 632 3425 22
651 3372 760 3426 laxavit
787 3375 796 3443 11
824 3379 857 3425 26
876 3388 940 3425 eum
965 3373 969 3442 1
994 3369 1138 3425 fasciabous
1154 3358 1162 3428 1
1226 3413 1227 3426 ,

185 3442 272 3560 melnes.
284 3457 369 3506 capra
384 3447 440 3495 623
456 3446 460 3510 1
477 3443 653 3496 similiter-
668 3444 780 3495 curatur
794 3445 824 3496 ia
843 3443 899 3496 cod.
919 3442 957 3495 ad
970 3448 1051 3512 capot
1062 3429 1161 3493 LXXVII

184 3523 204 3574 p
244 3515 319 3561 cacat
1226 3515 1227 3518 ’
