2470 3902
217 183 498 238 MULOMEDICINA
517 183 687 239 OHIRONIS
707 190 846 238 aas-338
970 185 1031 249 101

98 333 163 392 XVI
177 334 221 392 Dc
238 335 391 393 ciferinon.
422 335 447 394 si
472 336 604 393 iumento
630 335 750 411 sanguis
775 355 829 411 per
850 335 970 395 naribus
992 337 1033 394 ef·
1052 333 1110 389 335

49 420 111 496 luet,
128 424 202 498 quod
219 424 327 482 vitiimr
349 422 519 498 appellatur
533 441 635 498 praece
654 423 814 498 cyferinon.
842 425 868 483 si
885 425 941 484 hcc
959 425 1033 483 vitio

47 511 188 587 verebitur,
211 512 329 589 signum
348 513 405 570 erit
423 531 513 588 supra
530 513 651 571 modum
669 515 823 588 peractum
841 531 903 572 esse
922 515 1035 572 iumen·

45 603 101 657 tum.
135 601 246 659 curatio
269 601 357 660 huius
377 601 421 659 rei
444 605 489 661 est
511 601 593 660 baec.
629 619 775 678 perunges
794 601 879 660 illum
899 603 964 661 oleo
986 603 1034 661 vel

25 692 120 764 saceio,
138 693 168 748 et
180 709 286 764 corpus
300 692 404 748 totum.
434 691 584 766 cooperire
600 693 700 748 autem
714 689 841 766 debebis,
861 693 891 748 et
909 690 947 748 da
966 710 1034 766 ope-

43 794 101 851 ram,
121 781 154 836 ut
174 779 307 837 molliter
331 782 398 839 stet.
439 780 487 838 cui
510 783 536 838 et
563 778 795 838 ambulationem
817 780 982 837 intermitte
1005 782 1035 837 et

42 867 144 925 attende
167 867 231 931 cibo
255 867 410 942 posthoc,
433 867 538 926 deinde
561 871 647 926 rutae
665 868 851 943 manipulum
872 887 938 926 cum
956 868 1034 926 lacte

41 956 184 1014 contritum
206 956 338 1014 infunde.
380 957 459 1032 quod
481 957 584 1015 sinon
605 956 753 1032 habueris
777 957 982 1034 aristologiam
1005 959 1035 1014 et

40 1061 141 1102 crocum
164 1045 269 1102 tritum
292 1065 328 1102 er
345 1046 416 1103 vino
435 1045 514 1103 dulci
536 1045 659 1103 infunde
683 1045 718 1103 ei.
756 1045 836 1120 quod
854 1046 879 1105 si
897 1045 953 1104 hoc
976 1064 1035 1103 non

12 1129 174 1208 retribueris,
196 1133 345 1193 coriandri
366 1134 471 1194 viridis
494 1154 596 1193 sucum
618 1134 748 1209 liquabis
772 1138 802 1192 et
824 1136 852 1192 ei
873 1154 927 1210 per
949 1153 1035 1194 nares

39 1221 182 1282 suffimdes.
228 1241 333 1282 sanum
355 1221 414 1280 fiet.

92 1310 176 1369 XVlI
198 1311 243 1368 De
267 1311 433 1370 sideratico.
470 1313 496 1370 si
519 1311 599 1386 quod
621 1312 785 1370 iumentum
809 1331 827 1370 a
850 1312 945 1371 sidere
968 1332 1034 1388 per·
1054 1308 1111 1364 336

38 1415 140 1459 cussum
164 1400 263 1458 luerit
298 1400 355 1459 hoc
378 1403 478 1458 autem
501 1400 582 1459 sidus
605 1401 631 1459 si
649 1419 740 1459 venas
758 1419 867 1460 vacuas
890 1402 1035 1479 abigere

37 1493 79 1544 oct
99 1491 134 1548 ab
158 1492 243 1547 aestu
265 1490 456 1564 percusserit,
484 1491 537 1547 aut
564 1489 694 1548 cruditas
721 1490 817 1548 maior
843 1490 875 1547 in
901 1490 1036 1565 plectura

12 1591 141 1637 srevcrsa
164 1577 267 1652 fuerit,
300 1573 362 1636 aut
375 1578 490 1636 ieiunus
518 1580 549 1635 in
571 1577 714 1636 buiimum
735 1579 886 1653 inciderit,
918 1580 1036 1656 singula

36 1665 109 1740 signa
140 1684 299 1744 cognosces
336 1667 386 1726 sic.
439 1671 520 1725 came
557 1666 771 1742 temptabitur,
806 1670 871 1724 toto
903 1670 1035 1743 tempore

36 1754 155 1828 stupebit
188 1759 218 1813 et
249 1753 384 1814 titubans
416 1754 590 1814 ambulabit.
635 1756 714 1814 hunc
744 1754 884 1814 mollibus
918 1754 1036 1814 cibariis

36 1846 59 1898 et
79 1843 191 1902 lenibus
214 1842 385 1920 potionibus
419 1843 597 1919 potionabis.
643 1847 673 1902 et
701 1845 734 1901 in
763 1844 868 1903 lasaris
892 1843 912 1908 3
941 1863 1036 1919 aquae

35 1932 136 1991 mulsae
166 1934 335 1992 commisces
366 1933 494 1991 eminam
518 1937 544 1992 et
568 1952 728 1991 cremorem
752 1933 876 1993 tisanae.
922 1937 953 1991 et
975 1951 1036 1992 am·

10 2017 231 2079 abulationem.
252 2021 341 2080 ..ad
367 2021 495 2080 calorem
525 2022 603 2080 enim
632 2022 724 2080 uteris
754 2021 1037 2100 refrigerationibus

36 2113 108 2167 aceto
133 2113 164 2168 et
186 2129 271 2169 rosae
294 2112 397 2186 aequis
419 2109 564 2184 partibus.
606 2111 631 2169 si
655 2129 673 2168 a
695 2111 820 2188 frigore,
848 2111 940 2170 uteris
967 2112 1036 2170 vino

35 2201 59 2253 et
79 2199 151 2257 oleo.
196 2199 243 2258 bis
266 2199 454 2258 unctionibus
478 2200 578 2258 uteris.

90 2287 193 2345 XVIII
214 2288 259 2346 De
283 2288 354 2347 solis
376 2306 525 2363 percussu.
562 2289 588 2346 si
607 2289 686 2363 quod
704 2289 868 2347 iumentum
889 2290 950 2348 sole
968 2309 1034 2366 per·
1052 2285 1109 2340 337

35 2392 141 2434 cussum
164 2376 264 2446 fuerit,
288 2377 424 2436 detrahes
443 2377 478 2434 de
498 2376 680 2458 temporibus
700 2379 874 2455 sanguinem
898 2381 928 2436 et
946 2378 1035 2438 simili

9 2465 139 2524 aratione
165 2465 289 2524 curabis.
336 2465 377 2525 sic
406 2485 472 2524 eum
496 2468 596 2523 tamen
619 2465 771 2544 intelligis
817 2469 848 2525 in
870 2467 968 2542 priore
992 2471 1037 2524 at-

36 2553 128 2612 tendat
151 2557 183 2612 et
205 2558 296 2629 caput
318 2554 487 2613 dolorosum
509 2553 650 2629 portabit.

90 2643 160 2700 XIX
182 2643 228 2701 De
252 2643 406 2701 cruditate.
452 2643 477 2702 si
503 2643 582 2718 quod
610 2644 774 2702 iumentum
802 2643 948 2702 cruditate
970 2662 1036 2718 per·
1054 2641 1112 2695 338

36 2746 141 2789 nissum
160 2731 260 2807 bresit,
279 2733 306 2790 ei
325 2732 500 2809 sanguinem
519 2731 554 2789 de
574 2733 685 2791 cervice
704 2733 853 2790 detrahito
872 2736 902 2790 et
921 2750 939 2789 a
957 2731 1036 2790 ciba-

35 2819 79 2878 riis
101 2820 249 2880 abstineto
273 2819 450 2896 maioribus,
472 2823 591 2878 tantum
613 2824 648 2879 ut
671 2825 749 2880 aceto
774 2825 803 2880 et
826 2839 905 2896 aqua
928 2821 980 2896 sit,
1007 2823 1036 2878 et

97 2979 111 3024 1
130 2989 168 3041 sq.
187 2972 249 3043 ch.
263 2972 321 3024 ΙΙΙ
331 2975 383 3037 37,·
396 2972 475 3037 iissre
489 2975 544 3025 550
557 2972 614 3039 fere
627 2973 665 3025 ud
677 2973 787 3026 cabum
800 2973 871 3026 redit
884 2975 894 3041 11
908 2977 1035 3042 agraece

36 3042 89 3095 cdd.
108 3043 186 3110 msra
199 3045 208 3112 11
227 3049 243 3096 6
263 3044 331 3098 stet:
355 3043 438 3096 cubet
460 3043 538 3109 iufra
561 3049 587 3097 et
609 3043 671 3114 ch.
697 3045 700 3113 1
726 3059 801 3096 cum:
829 3042 875 3096 cui
894 3046 923 3097 et
945 3045 1036 3110 iusim

35 3111 130 3166 tumB
153 3117 162 3184 11
185 3119 207 3197 8.
220 3113 352 3167 habuerit
373 3117 383 3182 11
407 3119 439 3166 12
460 3114 520 3183 ch.
540 3113 567 3166 V
580 3117 615 3167 34
641 3115 644 3183 1
670 3113 760 3167 sidere
783 3114 822 3167 W
840 3114 849 3182 11
878 3119 911 3167 14
931 3116 981 3167 aut
999 3113 1036 3166 ab

34 3185 312 3325 {reicias
327 3183 678 3325 cirratas-„lu
693 3185 1038 3324 irrisisset.

38 3322 92 3394 ch.
106 3329 116 3394 11
130 3331 162 3380 19
186 3329 215 3380 et
236 3328 347 3395 scripsi:
370 3326 388 3379 i.
409 3343 431 3380 e.
455 3328 495 3380 sic
508 3328 517 3396 11
531 3331 565 3378 20
589 3325 823 3379 ambulationem:
847 3342 881 3380 sc.
907 3325 1009 3380 adhibe
1028 3327 1038 3398 11

33 3399 61 3445 ‘23
84 3396 144 3466 ch.
164 3399 236 3452 1⁷35
249 3401 259 3468 11
273 3403 307 3450 26
327 3397 499 3452 dolorosum:
527 3397 657 3450 deorsum
676 3395 820 3466 (diossum)
840 3397 947 3468 Β1127
975 3398 1036 3467 ch.

36 3464 114 3520 1⁷36
139 3468 205 3540 1129
234 3471 314 3523 aceto
345 3470 385 3522 B:
419 3484 436 3521 a
469 3467 531 3522 cibo
564 3470 568 3537 1
603 3467 670 3520 sitct
703 3468 706 3538 1
741 3483 777 3536 sq.
812 3467 837 3521 si
864 3472 957 3522 aestas
986 3471 1037 3537 est,

32 3536 247 3607 refrigeratoriae
272 3539 412 3610 accipient
430 3539 559 3608 potiones
582 3537 643 3607 ch.
