2474 3910
186 166 252 230 204
374 163 659 222 MULOMEDIOINA
677 163 847 220 0111110111
866 168 1006 218 ala-eae

188 317 336 392 quomodo
360 318 391 376 et
413 335 503 376 causa
525 315 707 392 permiserit,
737 318 767 374 et
793 317 897 375 curato
915 317 985 374 usta
1007 313 1044 372 ab
1066 313 1177 389 axungia

187 409 218 464 et
241 408 325 466 aoeto
349 409 379 464 ot
409 405 488 481 oleo,
518 405 595 465 siout
618 424 638 465 s.
664 423 686 464 s.
732 405 827 464 altero
857 403 904 462 die
932 403 1041 463 solvito
1064 405 1093 461 et
1113 405 1177 460 eata·

186 495 303 570 plasma
331 494 477 571 imponito
505 514 541 553 ex
570 494 682 570 polline
712 493 776 553 ervi
805 495 836 552 ot
865 513 900 552 ex
930 491 1061 570 axungia
1088 490 1177 551 veteris

187 603 241 659 per
264 583 326 642 dies
349 583 409 642 VH
432 585 463 642 et
484 586 553 642 usta
576 586 688 642 curato.
721 582 847 658 septimo
872 600 990 658 quoque
1018 582 1065 640 die
1086 580 1178 652 lavato,

188 672 336 748 quomodo
364 672 486 732 cottidie
514 674 646 748 oportet,
675 674 706 731 et
731 672 914 748 malagmam
942 669 1135 744 perductilem
1153 687 1179 725 ex
1207 724 1208 727 ,

63 762 169 821 141¹b
192 761 296 837 senapi
316 761 474 837 imponito,
496 761 590 820 donec
612 779 717 819 sanum
739 759 799 818 fiet.
829 751 833 841 Ι

112 849 170 907 642
255 849 368 909 XLVII
403 849 436 908 Si
459 849 538 926 qnod
560 849 726 909 iumentum
749 847 941 926 ossilaginem
967 866 1036 906 cum
1064 845 1180 906 deformi·

187 941 251 997 tate
275 939 468 1012 summiserit,
496 941 526 997 et
554 957 621 996 eam
648 939 745 997 facere
768 937 863 1011 voles,
890 957 927 995 ne
951 939 1066 996 crescat
1088 939 1117 994 ot
1135 953 1180 992 non
1223 929 1225 966 l

190 1028 337 1087 claudicet
360 1030 390 1088 et
419 1027 536 1086 minuat
565 1027 628 1086 eius
658 1026 850 1104 ossilaginem
879 1029 996 1094 tamor,
1023 1025 1104 1085 urito
1130 1043 1181 1082 ean

188 1117 318 1175 mediam
340 1116 458 1192 punctis
481 1116 621 1175 cauteriis
643 1116 739 1175 tribus
761 1115 810 1176 vel
833 1115 962 1191 quatuor
980 1115 1029 1173 vel
1053 1112 1203 1190 quomod01

189 1224 236 1264 res
250 1206 316 1280 ipsa
329 1205 506 1280 permiserit
541 1208 611 1264 usta
625 1207 739 1279 curato,
759 1205 836 1264 sient
850 1222 871 1262 s.
887 1223 909 1263 s.
924 1206 978 1262 est.
1017 1222 1121 1262 sanum
1136 1201 1181 1259 fiet
1225 1215 1226 1220 ’

113 1296 171 1352 643
256 1294 385 1352 XLVIII
417 1292 617 1372 Ossilaginem
639 1294 665 1353 si
688 1294 817 1367 auferes
839 1313 876 1352 ne
898 1291 1088 1370 intelligatur
1109 1291 1182 1350 fuisse
1225 1289 1226 1312 ³

190 1385 313 1458 propter
335 1383 566 1460 generositatem
589 1401 733 1458 equorum
753 1385 783 1442 ct
801 1381 1065 1458 deprehensionem
1085 1398 1183 1450 causae,

191 1471 233 1529 sio
256 1491 323 1530 eum
350 1471 474 1530 curabis.
521 1490 649 1547 expones
676 1472 857 1545 iumentum,
886 1474 921 1529 ut
943 1489 991 1528 res
1013 1470 1080 1546 ipsa
1102 1470 1133 1528 in
1150 1467 1183 1525 in·
1224 1481 1227 1502 ²

190 1559 297 1619 feriore
328 1563 381 1635 sit,
411 1560 508 1636 ipsum
535 1561 609 1636 pede
639 1561 671 1619 in
700 1560 843 1637 organolo
865 1559 978 1632 mittis,
1008 1559 1060 1618 sed
1089 1558 1184 1626 tenda,
1205 1574 1208 1577 “

190 1650 225 1706 ut
247 1649 408 1708 immobilis
431 1652 476 1710 stt.
521 1649 566 1708 ita
590 1649 705 1725 aperies
728 1667 795 1706 eam
818 1651 915 1707 cutem
939 1650 1044 1707 contra
1067 1645 1184 1722 ossilagi-
1226 1675 1228 1681 a

191 1759 267 1797 nem.
303 1739 417 1797 nudato
436 1741 467 1796 et
485 1738 575 1798 secito
594 1737 786 1815 ossilaginem
803 1757 857 1813 per
875 1736 1014 1812 ecoopida
1038 1740 1069 1796 ot
1091 1739 1185 1796 1111111

192 1827 352 1905 diligenter
374 1827 511 1901 adserito,
540 1829 575 1885 ut
605 1827 643 1884 ad
665 1826 825 1902 planitiam
852 1826 945 1884 cruris
973 1825 1092 1885 reddes.
1134 1843 1185 1882 eun

193 1935 259 1974 eam
281 1917 429 1992 paulatim
452 1917 586 1975 ablatam
609 1915 823 1991 deplanaveria
847 1917 951 1974 curato
974 1917 1060 1974 aceto
1079 1918 1110 1974 et
1127 1913 1185 1982 oleo,
1227 1916 1229 1949 ῑ

115 2004 174 2061 644
193 2007 223 2063 et
254 2004 386 2065 linteolis
417 2005 545 2064 madidis
574 2004 606 2062 in
639 2005 762 2064 candem
794 2022 914 2062 cansam
942 2004 1067 2063 calcato.
1112 2001 1229 2060 tertio*

193 2093 240 2150 die
264 2093 372 2152 solvito
396 2097 427 2152 ot
449 2097 561 2168 curato,
583 2096 620 2151 ut
642 2093 764 2152 cottidie
783 2092 974 2169 ossilaginem
992 2093 1187 2168 persisterem
1227 2117 1229 2124 1

193 2181 282 2240 radas
309 2184 340 2239 et
367 2183 547 2242 asarotioum
576 2182 761 2242 labraturam
790 2181 837 2240 his
867 2181 943 2240 eutis
971 2181 1095 2240 cottidie
1123 2181 1186 2238 exte

193 2287 274 2328 nuce.
320 2289 386 2329 oum
410 2271 536 2347 coeperit
557 2271 639 2331 locus
663 2270 833 2348 ossilaginis
860 2288 1055 2344 concamio,
1082 2271 1187 2329 curatur

192 2359 301 2418 vulnus
316 2359 475 2436 diligenter
488 2361 645 2435 asarotico‚
663 2363 698 2419 ut
712 2377 817 2419 sanum
830 2359 892 2418 fiat.
920 2378 987 2418 oum
1000 2359 1064 2418 iam
1078 2355 1188 2433 coeperit

194 2447 317 2507 cicatrix
341 2450 499 2506 extenuare
522 2451 553 2508 et
575 2449 761 2523 confirmare,
791 2449 943 2506 lamellam
970 2448 1138 2522 plumbeam
1157 2442 1229 2502 ad*

192 2537 292 2612 ipsum
313 2537 373 2596 ista
396 2537 519 2596 cicatrix
541 2557 628 2598 caesa
651 2557 739 2613 super
761 2537 975 2596 medicamento
999 2556 1056 2612 pro
1075 2534 1186 2595 mutatio
1228 2537 1229 2544 ’

193 2626 339 2702 imponito
364 2628 393 2684 et
416 2645 504 2703 super
526 2627 649 2686 cottidie
672 2627 812 2700 fasciato,
841 2625 998 2685 fasciolam
1021 2629 1052 2685 ct
1074 2627 1187 2684 lamnam

194 2715 299 2774 tollere
326 2715 435 2789 nolito,
464 2715 523 2774 nisi
551 2735 654 2774 sanam
683 2715 858 2774 cicatricem.
905 2717 935 2774 et
962 2733 1022 2772 non
1047 2710 1186 2790 apparebit

194 2824 261 2862 eum
284 2803 474 2882 ossilaginem
496 2804 642 2865 habuisse.
679 2805 752 2863 haee
771 2806 817 2862 est
834 2802 1005 2880 ossilaginis
1023 2822 1095 2862 eura
1110 2801 1181 2878 prior

117 2893 175 2948 645
259 2893 355 2951 XLIX
385 2892 555 2969 Ouicunque
572 2894 705 2953 iumento
730 2891 877 2951 mirmices
902 2893 934 2950 in
959 2892 1094 2954 cruribus
1109 2889 1216 2950 habu-³⁰

266 3103 282 3152 ὅ
307 3098 506 3168 productilem:
532 3114 600 3153 corr.
627 3115 713 3166 capra
734 3114 764 3166 p.
783 3099 895 3163 198,24
921 3099 931 3167 11
959 3101 974 3149 7
1000 3089 1187 3171 (1011τωί11111

197 3176 229 3222 14
243 3187 280 3239 sq.
300 3169 444 3224 inferiores
464 3171 504 3224 et:
524 3186 591 3224 corr.
611 3169 639 3223 B
652 3171 662 3238 ΙΙ
686 3173 718 3221 lo
738 3167 872 3238 organolo
888 3193 920 3213 =
935 3167 1089 3236 maehinafl
1111 3171 1141 3219 11
1158 3165 1186 3214 sd

196 3241 295 3295 addidi
316 3243 325 3310 ΙΙ
349 3246 382 3294 17
406 3240 509 3296 sedito:
527 3267 560 3287 =
575 3242 669 3294 secato
695 3240 699 3309 1
725 3241 754 3294 et
776 3238 889 3308 oopida:
905 3265 939 3285 =
953 3236 1090 3293 ἐκκοπίδα
1112 3239 1116 3306 Ι
1139 3249 1185 3288 oro·

195 3315 270 3366 stera
292 3314 301 3381 ΙΙ
330 3317 362 3366 18
386 3312 487 3366 cruris:
511 3310 600 3367 cutis?
623 3313 633 3380 l
661 3317 693 3364 21
722 3311 872 3364 existerem
898 3313 908 3380 11
934 3316 968 3363 22
992 3307 1166 3364 assarotioum
1180 3306 1187 3372 'i

195 3388 229 3434 23
248 3399 366 3448 cumque
383 3382 459 3451 perit
478 3386 482 3452 Ι
503 3399 550 3436 eor
568 3398 654 3436 carna
671 3383 817 3436 recuratur
843 3383 852 3449 ΙΙ
880 3387 914 3435 24
933 3380 1086 3435 asoarotioo
1105 3380 1110 3450 1
1128 3377 1186 3430 ian·

195 3466 249 3517 que
263 3451 337 3519 perit
350 3454 359 3519 ΙΙ
373 3457 406 3504 26
420 3451 489 3508 ista:
508 3469 589 3521 saper
608 3469 625 3506 a
643 3469 779 3521 suprascr.
798 3458 836 3506 est
854 3452 872 3506 b
886 3454 927 3507 ecl
943 3470 963 3522 p
981 3451 1108 3517 litterali,
1117 3463 1186 3517 prac-

195 3527 267 3575 terea
286 3536 303 3572 a
318 3537 369 3586 per
387 3523 487 3574 liccam
505 3529 687 3577 transversam
701 3523 827 3591 perfossa
849 3529 858 3591 u
881 3528 914 3576 27
933 3523 1042 3578 lanam:
1060 3517 1166 3577 carali
