2474 3910
127 112 191 176 170
314 107 598 164 MULOMEDIOINA
617 105 788 161 omacius
808 109 947 158 ccc-521

128 254 230 320 hibera
252 261 366 319 debeat.
412 261 452 320 ad
478 261 626 317 tumorem
653 256 872 332 cataplasmata
899 257 933 313 ut
960 255 1175 330 suprascrip-

129 354 194 410 tum
217 353 309 409 utare.

507 499 681 566 LIBER
709 498 764 564 VI.

50 619 112 674 520
255 665 260 670 .
368 618 385 674 1
410 615 436 673 si
459 632 535 689 equo
559 613 651 688 caput
672 610 806 688 turgcbit

367 706 385 762 2
410 705 501 779 caput
524 721 542 759 a
564 701 699 777 plectora
722 701 747 758 si
771 697 933 758 obturserit

367 794 386 851 3
410 791 563 850 cerebrum
585 806 756 865 percussum

366 883 386 938 4
410 881 436 939 si
460 897 546 938 aures
568 878 719 937 doluerint

367 972 385 1030 5
411 968 561 1028 auriculae
586 967 671 1026 dolor

367 1061 385 1117 6
410 1059 446 1115 de
471 1056 564 1116 oculis

368 1149 386 1204 7
410 1148 446 1206 de
469 1145 562 1204 oculis
586 1143 808 1203 claucomatIcis

366 1238 385 1295 8
410 1235 434 1293 si
457 1252 559 1293 recens
581 1233 673 1291 fucrit
696 1250 772 1307 quac
796 1249 817 1290 a
842 1249 863 1291 s,

367 1326 385 1383 9
410 1324 446 1382 dc
469 1324 623 1382 claucoma

345 1415 393 1474 10,
410 1412 445 1470 dc
470 1412 555 1470 oculo
576 1427 716 1486 percusso

347 1503 387 1559 11
413 1501 449 1558 dc
471 1499 585 1558 recenti
608 1499 760 1557 clauccma

346 1591 386 1648 12
411 1590 446 1647 de
469 1587 591 1664 plumbo
614 1587 647 1645 in
670 1586 755 1645 oculo

345 1679 386 1736 13
410 1678 446 1735 dc
469 1676 649 1753 lippitudine

346 1768 387 1825 14
410 1766 443 1824 in
466 1766 552 1825 oculo
576 1765 684 1824 vulnus

346 1856 386 1914 15
411 1855 446 1912 dc
470 1855 575 1932 lingua
597 1853 691 1912 incisa

346 1945 386 2002 16
411 1944 446 2001 dc
470 1943 604 2001 dentium
627 1942 728 2001 dolore

345 2034 385 2091 17
411 2032 446 2090 dc
469 2033 570 2090 mento
594 2031 690 2089 fracto

346 2121 385 2178 18
410 2122 551 2196 corrupta
574 2119 720 2196 cartilago

345 2211 384 2268 19
410 2209 522 2268 arteria
544 2208 570 2267 si
592 2207 708 2284 ruperit

345 2299 387 2356 20
410 2299 446 2356 de
470 2297 591 2356 strumis

345 2387 384 2445 21
410 2387 445 2444 dc
470 2385 624 2462 sanguinis
646 2403 700 2460 per
722 2403 810 2442 nares
832 2401 921 2442 cuiau

345 2476 385 2533 22
411 2475 446 2532 de
469 2475 593 2550 polippo
616 2475 649 2532 ia
672 2472 793 2531 naribus

343 2565 385 2622 23
410 2563 528 2638 eruptio
555 2559 611 2638 [in]
636 2561 769 2620 faucium

343 2654 385 2710 24
409 2651 445 2709 de
469 2651 620 2728 glandulis

343 2741 384 2799 25
409 2740 445 2798 dc
468 2739 619 2817 glandulis
640 2732 644 2819 t

344 2832 385 2889 26
410 2829 445 2886 dc
469 2828 620 2906 glandulis

283 2993 285 2996 Ι
343 2920 383 2976 27
409 2917 444 2975 dc
467 2917 614 2992 parotidis

343 3008 384 3064 28
409 3006 445 3063 de
469 3005 577 3064 tolibus

343 3096 383 3153 29
410 3095 446 3152 dc
470 3094 546 3152 tussi

201 3324 215 3368 1
231 3332 248 3369 a
262 3317 372 3370 tumore
388 3316 392 3388 Ι
413 3317 446 3369 ut
459 3316 500 3372 B:
519 3315 549 3369 in
567 3317 577 3385 11
595 3321 611 3369 2
629 3317 729 3371 aubccu
739 3313 864 3384 Explicit
877 3312 950 3367 liber
964 3313 1092 3382 quintus
1110 3316 1162 3369 In·

128 3385 198 3454 cipit
216 3385 438 3508 fibsslflexluffjl,
453 3392 487 3440 10
506 3387 541 3440 de
560 3387 660 3468 addidi
676 3387 686 3455 ΙΙ
708 3392 741 3439 12
760 3393 785 3441 ct
804 3391 837 3438 14
856 3383 1005 3438 clauccnia
1027 3387 1037 3454 11
1064 3391 1102 3442 18
1120 3386 1162 3439 li·

128 3459 215 3524 guat
238 3460 271 3508 25
290 3473 321 3508 m
339 3456 406 3510 addc
426 3475 437 3510 c
458 3457 468 3528 tt
495 3461 527 3510 31
548 3456 668 3513 cchbus:
688 3474 757 3512 corr.
775 3457 854 3524 luftu
873 3459 928 3511 557
