<?xml version="1.0" encoding="UTF-8"?>
<!DOCTYPE html PUBLIC "-//W3C//DTD XHTML 1.0 Transitional//EN"
    "http://www.w3.org/TR/xhtml1/DTD/xhtml1-transitional.dtd">
<html xmlns="http://www.w3.org/1999/xhtml" xml:lang="en" lang="en">
 <head>
  <title>
</title>
<meta http-equiv="Content-Type" content="text/html;charset=utf-8" />
  <meta name='ocr-system' content='tesseract 3.04.00' />
  <meta name='ocr-capabilities' content='ocr_page ocr_carea ocr_par ocr_line ocrx_word'/>
</head>
<body>
  <div class='ocr_page' id='page_1' title='image "./claudiihermerim03hermgoog_0282.png"; bbox 0 0 2474 3910; ppageno 0'>
   <div class='ocr_carea' id='block_1_1' title="bbox 236 167 1050 234">
    <p class='ocr_par' dir='ltr' id='par_1_1' title="bbox 236 167 1050 234">
     <span class='ocr_line' id='line_1_1' title="bbox 236 167 1050 234; baseline 0.001 -9"><span class='ocrx_word' id='word_1_1' title='bbox 236 171 516 226; x_wconf 80' lang='lat' dir='ltr'>MULOMEDICINA</span> <span class='ocrx_word' id='word_1_2' title='bbox 535 167 705 225; x_wconf 81' lang='lat' dir='ltr'>CHIRONIS</span> <span class='ocrx_word' id='word_1_3' title='bbox 725 174 865 225; x_wconf 78' lang='grc'><strong>777-770</strong></span> <span class='ocrx_word' id='word_1_4' title='bbox 986 170 1050 234; x_wconf 79' lang='grc'><strong>239</strong></span> 
     </span>
    </p>
   </div>
   <div class='ocr_carea' id='block_1_2' title="bbox 1 319 1127 3224">
    <p class='ocr_par' dir='ltr' id='par_1_2' title="bbox 35 319 1126 575">
     <span class='ocr_line' id='line_1_2' title="bbox 103 319 1126 405; baseline -0.005 -25"><span class='ocrx_word' id='word_1_5' title='bbox 103 321 225 380; x_wconf 91' lang='lat' dir='ltr'>XXVII</span> <span class='ocrx_word' id='word_1_6' title='bbox 237 322 364 405; x_wconf 79' lang='lat' dir='ltr'><strong>¹Equam</strong></span> <span class='ocrx_word' id='word_1_7' title='bbox 387 323 412 382; x_wconf 83' lang='lat' dir='ltr'><strong>si</strong></span> <span class='ocrx_word' id='word_1_8' title='bbox 431 321 559 382; x_wconf 87' lang='lat' dir='ltr'><strong>volueris</strong></span> <span class='ocrx_word' id='word_1_9' title='bbox 583 321 665 395; x_wconf 84' lang='lat' dir='ltr'><strong>seire,</strong></span> <span class='ocrx_word' id='word_1_10' title='bbox 689 339 726 379; x_wconf 86' lang='lat' dir='ltr'><strong>an</strong></span> <span class='ocrx_word' id='word_1_11' title='bbox 744 339 912 398; x_wconf 74' lang='lat' dir='ltr'>praegnans</span> <span class='ocrx_word' id='word_1_12' title='bbox 930 321 978 397; x_wconf 80' lang='lat' dir='ltr'><strong>sit,</strong></span> <span class='ocrx_word' id='word_1_13' title='bbox 996 322 1052 381; x_wconf 84' lang='lat' dir='ltr'><strong>dua</strong></span> <span class='ocrx_word' id='word_1_14' title='bbox 1072 319 1126 376; x_wconf 78' lang='grc'><strong>767</strong></span> 
     </span>
     <span class='ocr_line' id='line_1_3' title="bbox 36 410 1051 487; baseline -0.001 -18"><span class='ocrx_word' id='word_1_15' title='bbox 36 431 102 470; x_wconf 89' lang='lat' dir='ltr'><strong>eam</strong></span> <span class='ocrx_word' id='word_1_16' title='bbox 129 411 171 470; x_wconf 89' lang='lat' dir='ltr'><strong>ad</strong></span> <span class='ocrx_word' id='word_1_17' title='bbox 194 429 310 486; x_wconf 87' lang='lat' dir='ltr'><strong>equum.</strong></span> <span class='ocrx_word' id='word_1_18' title='bbox 357 411 383 469; x_wconf 93' lang='lat' dir='ltr'><strong>si</strong></span> <span class='ocrx_word' id='word_1_19' title='bbox 404 410 535 486; x_wconf 75' lang='lat' dir='ltr'><strong>minent,</strong></span> <span class='ocrx_word' id='word_1_20' title='bbox 564 427 731 487; x_wconf 70' lang='lat' dir='ltr'>praegnans</span> <span class='ocrx_word' id='word_1_21' title='bbox 760 427 820 467; x_wconf 93' lang='lat' dir='ltr'><strong>non</strong></span> <span class='ocrx_word' id='word_1_22' title='bbox 848 411 905 485; x_wconf 84' lang='lat' dir='ltr'><strong>est,</strong></span> <span class='ocrx_word' id='word_1_23' title='bbox 935 411 961 469; x_wconf 89' lang='lat' dir='ltr'><strong>si</strong></span> <span class='ocrx_word' id='word_1_24' title='bbox 983 429 1051 485; x_wconf 81' lang='lat' dir='ltr'><strong>non,</strong></span> 
     </span>
     <span class='ocr_line' id='line_1_4' title="bbox 35 498 299 575; baseline -0.004 -17"><span class='ocrx_word' id='word_1_25' title='bbox 35 501 100 575; x_wconf 82' lang='lat' dir='ltr'><strong>erit,</strong></span> <span class='ocrx_word' id='word_1_26' title='bbox 126 498 299 558; x_wconf 78' lang='lat' dir='ltr'><strong>adfn‘oabit.</strong></span> 
     </span>
    </p>

    <p class='ocr_par' dir='ltr' id='par_1_3' title="bbox 99 584 1051 664">
     <span class='ocr_line' id='line_1_5' title="bbox 99 584 1051 664; baseline 0 -18"><span class='ocrx_word' id='word_1_27' title='bbox 99 587 241 646; x_wconf 83' lang='lat' dir='ltr'>XXVIII</span> <span class='ocrx_word' id='word_1_28' title='bbox 262 588 379 663; x_wconf 80' lang='lat' dir='ltr'><strong>Equam</strong></span> <span class='ocrx_word' id='word_1_29' title='bbox 402 589 428 647; x_wconf 87' lang='lat' dir='ltr'><strong>si</strong></span> <span class='ocrx_word' id='word_1_30' title='bbox 450 587 579 648; x_wconf 85' lang='lat' dir='ltr'><strong>volueris</strong></span> <span class='ocrx_word' id='word_1_31' title='bbox 601 589 816 664; x_wconf 71' lang='lat' dir='ltr'><strong>praegnantem</strong></span> <span class='ocrx_word' id='word_1_32' title='bbox 842 584 919 661; x_wconf 82' lang='lat' dir='ltr'><strong>fieri,</strong></span> <span class='ocrx_word' id='word_1_33' title='bbox 946 587 1051 664; x_wconf 81' lang='lat' dir='ltr'><strong>picem,</strong></span> 
     </span>
    </p>

    <p class='ocr_par' dir='ltr' id='par_1_4' title="bbox 9 675 1051 842">
     <span class='ocr_line' id='line_1_6' title="bbox 9 675 1051 752; baseline -0.001 -15"><span class='ocrx_word' id='word_1_34' title='bbox 9 678 164 751; x_wconf 65' lang='lat' dir='ltr'><strong>smmum,</strong></span> <span class='ocrx_word' id='word_1_35' title='bbox 184 677 268 736; x_wconf 86' lang='lat' dir='ltr'><strong>laser</strong></span> <span class='ocrx_word' id='word_1_36' title='bbox 288 676 443 752; x_wconf 70' lang='lat' dir='ltr'><strong>siriacum,</strong></span> <span class='ocrx_word' id='word_1_37' title='bbox 470 677 656 752; x_wconf 85' lang='lat' dir='ltr'><strong>salmentum,</strong></span> <span class='ocrx_word' id='word_1_38' title='bbox 680 676 810 752; x_wconf 87' lang='lat' dir='ltr'><strong>eeinum,</strong></span> <span class='ocrx_word' id='word_1_39' title='bbox 832 675 956 750; x_wconf 89' lang='lat' dir='ltr'><strong>seillam,</strong></span> <span class='ocrx_word' id='word_1_40' title='bbox 978 677 1051 736; x_wconf 90' lang='lat' dir='ltr'><strong>haee</strong></span> 
     </span>
     <span class='ocr_line' id='line_1_7' title="bbox 32 765 336 842; baseline 0 -18"><span class='ocrx_word' id='word_1_41' title='bbox 32 767 175 842; x_wconf 86' lang='lat' dir='ltr'><strong>impones</strong></span> <span class='ocrx_word' id='word_1_42' title='bbox 200 784 236 824; x_wconf 84' lang='lat' dir='ltr'><strong>ex</strong></span> <span class='ocrx_word' id='word_1_43' title='bbox 257 765 336 824; x_wconf 88' lang='lat' dir='ltr'><strong>vine.</strong></span> 
     </span>
    </p>

    <p class='ocr_par' dir='ltr' id='par_1_5' title="bbox 31 851 1127 1018">
     <span class='ocr_line' id='line_1_8' title="bbox 98 851 1127 931; baseline -0.006 -17"><span class='ocrx_word' id='word_1_44' title='bbox 98 853 208 914; x_wconf 87' lang='lat' dir='ltr'>XXIX</span> <span class='ocrx_word' id='word_1_45' title='bbox 232 854 320 929; x_wconf 78' lang='lat' dir='ltr'><strong>Equa</strong></span> <span class='ocrx_word' id='word_1_46' title='bbox 333 855 359 914; x_wconf 86' lang='lat' dir='ltr'><strong>ei</strong></span> <span class='ocrx_word' id='word_1_47' title='bbox 372 872 538 931; x_wconf 71' lang='lat' dir='ltr'><strong>praegnans</strong></span> <span class='ocrx_word' id='word_1_48' title='bbox 553 869 615 913; x_wconf 86' lang='lat' dir='ltr'><strong>esee</strong></span> <span class='ocrx_word' id='word_1_49' title='bbox 629 871 689 912; x_wconf 93' lang='lat' dir='ltr'><strong>non</strong></span> <span class='ocrx_word' id='word_1_50' title='bbox 702 853 822 929; x_wconf 85' lang='lat' dir='ltr'><strong>poterit,</strong></span> <span class='ocrx_word' id='word_1_51' title='bbox 835 852 1008 928; x_wconf 82' lang='lat' dir='ltr'><strong>titymaium</strong></span> <span class='ocrx_word' id='word_1_52' title='bbox 1021 854 1053 911; x_wconf 86' lang='lat' dir='ltr'><strong>et</strong></span> <span class='ocrx_word' id='word_1_53' title='bbox 1072 851 1127 908; x_wconf 75' lang='grc'><strong>768</strong></span> 
     </span>
     <span class='ocr_line' id='line_1_9' title="bbox 31 941 1051 1018; baseline -0.003 -16"><span class='ocrx_word' id='word_1_54' title='bbox 31 945 123 1018; x_wconf 84' lang='lat' dir='ltr'><strong>lasar,</strong></span> <span class='ocrx_word' id='word_1_55' title='bbox 135 943 330 1018; x_wconf 85' lang='lat' dir='ltr'><strong>salmantum,</strong></span> <span class='ocrx_word' id='word_1_56' title='bbox 341 943 464 1018; x_wconf 86' lang='lat' dir='ltr'><strong>eeinum,</strong></span> <span class='ocrx_word' id='word_1_57' title='bbox 474 942 685 1002; x_wconf 86' lang='lat' dir='ltr'><strong>seillamteres.</strong></span> <span class='ocrx_word' id='word_1_58' title='bbox 703 941 775 1000; x_wconf 87' lang='lat' dir='ltr'><strong>haee</strong></span> <span class='ocrx_word' id='word_1_59' title='bbox 784 942 918 1018; x_wconf 86' lang='lat' dir='ltr'><strong>impones</strong></span> <span class='ocrx_word' id='word_1_60' title='bbox 929 961 963 1000; x_wconf 87' lang='lat' dir='ltr'><strong>ex</strong></span> <span class='ocrx_word' id='word_1_61' title='bbox 972 941 1051 1000; x_wconf 90' lang='lat' dir='ltr'><strong>vino.</strong></span> 
     </span>
    </p>

    <p class='ocr_par' dir='ltr' id='par_1_6' title="bbox 96 1031 1052 1108">
     <span class='ocr_line' id='line_1_10' title="bbox 96 1031 1052 1108; baseline -0.004 -16"><span class='ocrx_word' id='word_1_62' title='bbox 96 1032 191 1092; x_wconf 90' lang='lat' dir='ltr'><strong>XXX</strong></span> <span class='ocrx_word' id='word_1_63' title='bbox 222 1031 310 1106; x_wconf 80' lang='lat' dir='ltr'><strong>Eque</strong></span> <span class='ocrx_word' id='word_1_64' title='bbox 337 1032 418 1092; x_wconf 87' lang='lat' dir='ltr'><strong>siin</strong></span> <span class='ocrx_word' id='word_1_65' title='bbox 440 1031 586 1108; x_wconf 84' lang='lat' dir='ltr'><strong>virginale</strong></span> <span class='ocrx_word' id='word_1_66' title='bbox 613 1031 696 1090; x_wconf 85' lang='lat' dir='ltr'><strong>uleus</strong></span> <span class='ocrx_word' id='word_1_67' title='bbox 726 1031 839 1089; x_wconf 85' lang='lat' dir='ltr'><strong>faetum</strong></span> <span class='ocrx_word' id='word_1_68' title='bbox 865 1033 910 1090; x_wconf 86' lang='lat' dir='ltr'><strong>est</strong></span> <span class='ocrx_word' id='word_1_69' title='bbox 936 1033 990 1089; x_wconf 88' lang='lat' dir='ltr'><strong>aut</strong></span> <span class='ocrx_word' id='word_1_70' title='bbox 1017 1049 1052 1089; x_wconf 83' lang='lat' dir='ltr'><strong>ex</strong></span> 
     </span>
    </p>

    <p class='ocr_par' dir='ltr' id='par_1_7' title="bbox 1 1119 1052 1286">
     <span class='ocr_line' id='line_1_11' title="bbox 1 1119 1052 1198; baseline -0.004 -18"><span class='ocrx_word' id='word_1_71' title='bbox 1 1141 17 1182; x_wconf 87' lang='grc'><strong>,7</strong></span> <span class='ocrx_word' id='word_1_72' title='bbox 30 1123 91 1180; x_wconf 84' lang='lat' dir='ltr'><strong>alia</strong></span> <span class='ocrx_word' id='word_1_73' title='bbox 126 1141 166 1180; x_wconf 90' lang='lat' dir='ltr'><strong>re</strong></span> <span class='ocrx_word' id='word_1_74' title='bbox 200 1119 227 1178; x_wconf 87' lang='lat' dir='ltr'><strong>si</strong></span> <span class='ocrx_word' id='word_1_75' title='bbox 258 1120 419 1198; x_wconf 87' lang='lat' dir='ltr'><strong>laboravit,</strong></span> <span class='ocrx_word' id='word_1_76' title='bbox 452 1139 549 1180; x_wconf 88' lang='lat' dir='ltr'><strong>aeram</strong></span> <span class='ocrx_word' id='word_1_77' title='bbox 581 1139 617 1178; x_wconf 80' lang='lat' dir='ltr'><strong>ex</strong></span> <span class='ocrx_word' id='word_1_78' title='bbox 642 1119 713 1179; x_wconf 88' lang='lat' dir='ltr'><strong>vino</strong></span> <span class='ocrx_word' id='word_1_79' title='bbox 745 1122 776 1178; x_wconf 86' lang='lat' dir='ltr'><strong>et</strong></span> <span class='ocrx_word' id='word_1_80' title='bbox 805 1120 870 1178; x_wconf 85' lang='lat' dir='ltr'><strong>oleo</strong></span> <span class='ocrx_word' id='word_1_81' title='bbox 900 1138 993 1195; x_wconf 86' lang='lat' dir='ltr'><strong>eoque</strong></span> <span class='ocrx_word' id='word_1_82' title='bbox 1022 1121 1052 1178; x_wconf 90' lang='lat' dir='ltr'><strong>et</strong></span> 
     </span>
     <span class='ocr_line' id='line_1_12' title="bbox 27 1208 635 1286; baseline -0.007 -16"><span class='ocrx_word' id='word_1_83' title='bbox 27 1228 174 1286; x_wconf 87' lang='lat' dir='ltr'><strong>perunge</strong></span> <span class='ocrx_word' id='word_1_84' title='bbox 199 1208 332 1285; x_wconf 73' lang='grc'><strong>771777,</strong></span> <span class='ocrx_word' id='word_1_85' title='bbox 357 1229 432 1284; x_wconf 89' lang='lat' dir='ltr'><strong>quae</strong></span> <span class='ocrx_word' id='word_1_86' title='bbox 454 1209 635 1270; x_wconf 69' lang='lat' dir='ltr'><strong>vexaverint.</strong></span> 
     </span>
    </p>

    <p class='ocr_par' dir='ltr' id='par_1_8' title="bbox 28 1296 1052 1552">
     <span class='ocr_line' id='line_1_13' title="bbox 94 1296 1052 1375; baseline -0.005 -17"><span class='ocrx_word' id='word_1_87' title='bbox 94 1297 207 1358; x_wconf 91' lang='lat' dir='ltr'>XXXI</span> <span class='ocrx_word' id='word_1_88' title='bbox 236 1297 323 1373; x_wconf 79' lang='lat' dir='ltr'><strong>Eque</strong></span> <span class='ocrx_word' id='word_1_89' title='bbox 354 1298 380 1358; x_wconf 88' lang='lat' dir='ltr'><strong>si</strong></span> <span class='ocrx_word' id='word_1_90' title='bbox 414 1298 530 1375; x_wconf 81' lang='lat' dir='ltr'><strong>prurire</strong></span> <span class='ocrx_word' id='word_1_91' title='bbox 562 1296 692 1372; x_wconf 90' lang='lat' dir='ltr'><strong>eoeperit</strong></span> <span class='ocrx_word' id='word_1_92' title='bbox 722 1296 914 1374; x_wconf 76' lang='lat' dir='ltr'><strong>virgInalem,</strong></span> <span class='ocrx_word' id='word_1_93' title='bbox 946 1299 973 1356; x_wconf 82' lang='lat' dir='ltr'><strong>sa&#39;</strong></span> <span class='ocrx_word' id='word_1_94' title='bbox 1007 1296 1052 1354; x_wconf 90' lang='lat' dir='ltr'><strong>in-</strong></span> 
     </span>
     <span class='ocr_line' id='line_1_14' title="bbox 29 1385 1051 1464; baseline -0.001 -18"><span class='ocrx_word' id='word_1_95' title='bbox 29 1389 163 1464; x_wconf 76' lang='lat' dir='ltr'><strong>spicios,</strong></span> <span class='ocrx_word' id='word_1_96' title='bbox 205 1405 260 1445; x_wconf 88' lang='lat' dir='ltr'><strong>nee</strong></span> <span class='ocrx_word' id='word_1_97' title='bbox 300 1387 414 1462; x_wconf 89' lang='lat' dir='ltr'><strong>equibit</strong></span> <span class='ocrx_word' id='word_1_98' title='bbox 449 1405 502 1445; x_wconf 89' lang='lat' dir='ltr'><strong>nee</strong></span> <span class='ocrx_word' id='word_1_99' title='bbox 537 1403 704 1463; x_wconf 73' lang='lat' dir='ltr'><strong>praegnans</strong></span> <span class='ocrx_word' id='word_1_100' title='bbox 747 1387 819 1460; x_wconf 85' lang='lat' dir='ltr'><strong>erit,</strong></span> <span class='ocrx_word' id='word_1_101' title='bbox 857 1385 928 1445; x_wconf 89' lang='lat' dir='ltr'><strong>vine</strong></span> <span class='ocrx_word' id='word_1_102' title='bbox 965 1386 1051 1463; x_wconf 90' lang='lat' dir='ltr'><strong>nigro</strong></span> 
     </span>
     <span class='ocr_line' id='line_1_15' title="bbox 28 1474 370 1552; baseline -0.009 -16"><span class='ocrx_word' id='word_1_103' title='bbox 28 1478 158 1536; x_wconf 86' lang='lat' dir='ltr'><strong>sublues</strong></span> <span class='ocrx_word' id='word_1_104' title='bbox 182 1474 370 1552; x_wconf 84' lang='lat' dir='ltr'><strong>virginalem</strong></span> 
     </span>
    </p>

    <p class='ocr_par' dir='ltr' id='par_1_9' title="bbox 5 1562 1052 1726">
     <span class='ocr_line' id='line_1_16' title="bbox 5 1562 1052 1640; baseline -0.007 -12"><span class='ocrx_word' id='word_1_105' title='bbox 5 1585 16 1628; x_wconf 76' lang='lat' dir='ltr'><strong>s</strong></span> <span class='ocrx_word' id='word_1_106' title='bbox 94 1563 224 1625; x_wconf 89' lang='lat' dir='ltr'>XXXII</span> <span class='ocrx_word' id='word_1_107' title='bbox 249 1563 371 1623; x_wconf 87' lang='lat' dir='ltr'><strong>Vermes</strong></span> <span class='ocrx_word' id='word_1_108' title='bbox 399 1564 424 1624; x_wconf 87' lang='lat' dir='ltr'><strong>si</strong></span> <span class='ocrx_word' id='word_1_109' title='bbox 451 1563 601 1640; x_wconf 81' lang='lat' dir='ltr'><strong>habuerit,</strong></span> <span class='ocrx_word' id='word_1_110' title='bbox 627 1563 660 1620; x_wconf 87' lang='lat' dir='ltr'><strong>in</strong></span> <span class='ocrx_word' id='word_1_111' title='bbox 681 1562 833 1639; x_wconf 85' lang='lat' dir='ltr'><strong>verginale</strong></span> <span class='ocrx_word' id='word_1_112' title='bbox 869 1563 996 1638; x_wconf 78' lang='lat' dir='ltr'><strong>premite</strong></span> <span class='ocrx_word' id='word_1_113' title='bbox 1025 1562 1052 1621; x_wconf 91' lang='lat' dir='ltr'><strong>ei</strong></span> 
     </span>
     <span class='ocr_line' id='line_1_17' title="bbox 27 1652 365 1726; baseline -0.012 -12"><span class='ocrx_word' id='word_1_114' title='bbox 27 1656 170 1726; x_wconf 87' lang='lat' dir='ltr'><strong>rafanos,</strong></span> <span class='ocrx_word' id='word_1_115' title='bbox 195 1655 228 1711; x_wconf 87' lang='lat' dir='ltr'><strong>et</strong></span> <span class='ocrx_word' id='word_1_116' title='bbox 250 1652 365 1712; x_wconf 83' lang='lat' dir='ltr'><strong>efficies.</strong></span> 
     </span>
    </p>

    <p class='ocr_par' dir='ltr' id='par_1_10' title="bbox 26 1737 1126 1997">
     <span class='ocr_line' id='line_1_18' title="bbox 92 1737 1126 1818; baseline -0.011 -16"><span class='ocrx_word' id='word_1_117' title='bbox 92 1739 238 1802; x_wconf 86' lang='lat' dir='ltr'>XXXHI</span> <span class='ocrx_word' id='word_1_118' title='bbox 260 1741 378 1816; x_wconf 77' lang='lat' dir='ltr'><strong>Equam</strong></span> <span class='ocrx_word' id='word_1_119' title='bbox 401 1741 426 1800; x_wconf 87' lang='lat' dir='ltr'><strong>si</strong></span> <span class='ocrx_word' id='word_1_120' title='bbox 452 1742 650 1818; x_wconf 67' lang='lat' dir='ltr'><strong>praegnatem</strong></span> <span class='ocrx_word' id='word_1_121' title='bbox 670 1740 736 1798; x_wconf 89' lang='lat' dir='ltr'><strong>fieri</strong></span> <span class='ocrx_word' id='word_1_122' title='bbox 757 1739 899 1817; x_wconf 83' lang='lat' dir='ltr'><strong>volueris,</strong></span> <span class='ocrx_word' id='word_1_123' title='bbox 927 1739 1051 1797; x_wconf 83' lang='lat' dir='ltr'><strong>nitriam</strong></span> <span class='ocrx_word' id='word_1_124' title='bbox 1072 1737 1126 1793; x_wconf 78' lang='grc'><strong>769</strong></span> 
     </span>
     <span class='ocr_line' id='line_1_19' title="bbox 27 1829 1051 1906; baseline -0.005 -15"><span class='ocrx_word' id='word_1_125' title='bbox 27 1837 56 1891; x_wconf 90' lang='grc'><strong>77</strong></span> <span class='ocrx_word' id='word_1_126' title='bbox 78 1837 207 1893; x_wconf 83' lang='lat' dir='ltr'><strong>stereus</strong></span> <span class='ocrx_word' id='word_1_127' title='bbox 234 1831 420 1906; x_wconf 64' lang='lat' dir='ltr'><strong>passaranum</strong></span> <span class='ocrx_word' id='word_1_128' title='bbox 444 1829 519 1888; x_wconf 90' lang='lat' dir='ltr'><strong>bene</strong></span> <span class='ocrx_word' id='word_1_129' title='bbox 541 1829 686 1888; x_wconf 81' lang='lat' dir='ltr'><strong>conterite</strong></span> <span class='ocrx_word' id='word_1_130' title='bbox 709 1847 776 1887; x_wconf 89' lang='lat' dir='ltr'><strong>eum</strong></span> <span class='ocrx_word' id='word_1_131' title='bbox 802 1829 901 1888; x_wconf 91' lang='lat' dir='ltr'><strong>resina</strong></span> <span class='ocrx_word' id='word_1_132' title='bbox 922 1831 1051 1887; x_wconf 85' lang='lat' dir='ltr'><strong>termen-</strong></span> 
     </span>
     <span class='ocr_line' id='line_1_20' title="bbox 26 1917 777 1997; baseline -0.007 -17"><span class='ocrx_word' id='word_1_133' title='bbox 26 1922 95 1997; x_wconf 86' lang='lat' dir='ltr'><strong>tiea,</strong></span> <span class='ocrx_word' id='word_1_134' title='bbox 122 1921 208 1978; x_wconf 90' lang='lat' dir='ltr'><strong>bene</strong></span> <span class='ocrx_word' id='word_1_135' title='bbox 232 1919 395 1994; x_wconf 80' lang='lat' dir='ltr'><strong>compisato</strong></span> <span class='ocrx_word' id='word_1_136' title='bbox 421 1920 451 1978; x_wconf 86' lang='lat' dir='ltr'><strong>et</strong></span> <span class='ocrx_word' id='word_1_137' title='bbox 474 1918 512 1976; x_wconf 88' lang='lat' dir='ltr'><strong>ad</strong></span> <span class='ocrx_word' id='word_1_138' title='bbox 534 1918 600 1977; x_wconf 86' lang='lat' dir='ltr'><strong>laea</strong></span> <span class='ocrx_word' id='word_1_139' title='bbox 622 1917 777 1994; x_wconf 89' lang='lat' dir='ltr'><strong>imponite.</strong></span> 
     </span>
    </p>

    <p class='ocr_par' dir='ltr' id='par_1_11' title="bbox 7 2006 1052 2172">
     <span class='ocr_line' id='line_1_21' title="bbox 7 2006 1052 2082; baseline -0.007 -12"><span class='ocrx_word' id='word_1_140' title='bbox 7 2029 15 2070; x_wconf 79' lang='lat'>1</span> <span class='ocrx_word' id='word_1_141' title='bbox 94 2006 236 2069; x_wconf 88' lang='lat' dir='ltr'>XXXIV</span> <span class='ocrx_word' id='word_1_142' title='bbox 259 2007 346 2082; x_wconf 79' lang='lat' dir='ltr'><strong>Eque</strong></span> <span class='ocrx_word' id='word_1_143' title='bbox 365 2009 390 2066; x_wconf 87' lang='lat' dir='ltr'><strong>si</strong></span> <span class='ocrx_word' id='word_1_144' title='bbox 409 2008 500 2066; x_wconf 89' lang='lat' dir='ltr'><strong>eieere</strong></span> <span class='ocrx_word' id='word_1_145' title='bbox 518 2007 657 2081; x_wconf 75' lang='lat' dir='ltr'><strong>volueris,</strong></span> <span class='ocrx_word' id='word_1_146' title='bbox 679 2006 792 2065; x_wconf 89' lang='lat' dir='ltr'><strong>malum</strong></span> <span class='ocrx_word' id='word_1_147' title='bbox 809 2009 906 2065; x_wconf 88' lang='lat' dir='ltr'><strong>terrae</strong></span> <span class='ocrx_word' id='word_1_148' title='bbox 926 2008 956 2064; x_wconf 86' lang='lat' dir='ltr'><strong>et</strong></span> <span class='ocrx_word' id='word_1_149' title='bbox 973 2025 1052 2063; x_wconf 91' lang='lat' dir='ltr'><strong>mur·</strong></span> 
     </span>
     <span class='ocr_line' id='line_1_22' title="bbox 26 2095 733 2172; baseline -0.007 -14"><span class='ocrx_word' id='word_1_150' title='bbox 26 2119 90 2158; x_wconf 87' lang='lat' dir='ltr'><strong>ram</strong></span> <span class='ocrx_word' id='word_1_151' title='bbox 115 2098 202 2156; x_wconf 87' lang='lat' dir='ltr'><strong>bene</strong></span> <span class='ocrx_word' id='word_1_152' title='bbox 227 2096 372 2156; x_wconf 83' lang='lat' dir='ltr'><strong>conterite</strong></span> <span class='ocrx_word' id='word_1_153' title='bbox 396 2100 426 2155; x_wconf 88' lang='lat' dir='ltr'><strong>et</strong></span> <span class='ocrx_word' id='word_1_154' title='bbox 447 2096 602 2172; x_wconf 82' lang='lat' dir='ltr'><strong>imponite.</strong></span> <span class='ocrx_word' id='word_1_155' title='bbox 640 2095 733 2154; x_wconf 87' lang='lat' dir='ltr'><strong>eiaiet.</strong></span> 
     </span>
    </p>

    <p class='ocr_par' dir='ltr' id='par_1_12' title="bbox 25 2183 1052 2437">
     <span class='ocr_line' id='line_1_23' title="bbox 92 2183 1051 2282; baseline -0.004 -36"><span class='ocrx_word' id='word_1_156' title='bbox 92 2183 220 2246; x_wconf 87' lang='lat' dir='ltr'>XXXV</span> <span class='ocrx_word' id='word_1_157' title='bbox 242 2184 329 2260; x_wconf 77' lang='lat' dir='ltr'><strong>Eque</strong></span> <span class='ocrx_word' id='word_1_158' title='bbox 352 2186 377 2244; x_wconf 88' lang='lat' dir='ltr'><strong>ei</strong></span> <span class='ocrx_word' id='word_1_159' title='bbox 392 2201 557 2261; x_wconf 71' lang='lat' dir='ltr'><strong>praegnans</strong></span> <span class='ocrx_word' id='word_1_160' title='bbox 580 2183 672 2242; x_wconf 80' lang='lat' dir='ltr'><strong>fuen&#39;t</strong></span> <span class='ocrx_word' id='word_1_161' title='bbox 693 2186 724 2243; x_wconf 92' lang='lat' dir='ltr'><strong>et</strong></span> <span class='ocrx_word' id='word_1_162' title='bbox 746 2183 854 2243; x_wconf 83' lang='lat' dir='ltr'><strong>strofas</strong></span> <span class='ocrx_word' id='word_1_163' title='bbox 878 2184 965 2282; x_wconf 68' lang='lat' dir='ltr'><strong>etiam</strong></span> <span class='ocrx_word' id='word_1_164' title='bbox 988 2187 1051 2242; x_wconf 87' lang='lat' dir='ltr'><strong>ten-</strong></span> 
     </span>
     <span class='ocr_line' id='line_1_24' title="bbox 26 2273 1052 2352; baseline -0.005 -16"><span class='ocrx_word' id='word_1_165' title='bbox 26 2276 161 2347; x_wconf 86' lang='lat' dir='ltr'><strong>diderit,</strong></span> <span class='ocrx_word' id='word_1_166' title='bbox 187 2273 294 2332; x_wconf 83' lang='lat' dir='ltr'><strong>sumito</strong></span> <span class='ocrx_word' id='word_1_167' title='bbox 318 2273 441 2349; x_wconf 82' lang='lat' dir='ltr'><strong>eyprina</strong></span> <span class='ocrx_word' id='word_1_168' title='bbox 463 2291 530 2331; x_wconf 90' lang='lat' dir='ltr'><strong>eum</strong></span> <span class='ocrx_word' id='word_1_169' title='bbox 552 2291 655 2332; x_wconf 89' lang='lat' dir='ltr'><strong>murra</strong></span> <span class='ocrx_word' id='word_1_170' title='bbox 677 2289 699 2352; x_wconf 84' lang='lat' dir='ltr'><strong>p</strong></span> <span class='ocrx_word' id='word_1_171' title='bbox 723 2273 824 2348; x_wconf 87' lang='lat' dir='ltr'><strong>semis,</strong></span> <span class='ocrx_word' id='word_1_172' title='bbox 848 2291 914 2331; x_wconf 88' lang='lat' dir='ltr'><strong>eam</strong></span> <span class='ocrx_word' id='word_1_173' title='bbox 935 2273 1052 2331; x_wconf 75' lang='lat' dir='ltr'><strong>miseIte</strong></span> 
     </span>
     <span class='ocr_line' id='line_1_25' title="bbox 25 2359 1029 2437; baseline -0.003 -14"><span class='ocrx_word' id='word_1_174' title='bbox 25 2366 53 2423; x_wconf 91' lang='lat' dir='ltr'><strong>iu</strong></span> <span class='ocrx_word' id='word_1_175' title='bbox 79 2365 163 2425; x_wconf 91' lang='lat' dir='ltr'><strong>vino</strong></span> <span class='ocrx_word' id='word_1_176' title='bbox 189 2381 281 2437; x_wconf 88' lang='lat' dir='ltr'><strong>quam</strong></span> <span class='ocrx_word' id='word_1_177' title='bbox 303 2362 454 2422; x_wconf 86' lang='lat' dir='ltr'><strong>lenissimo</strong></span> <span class='ocrx_word' id='word_1_178' title='bbox 478 2365 508 2421; x_wconf 90' lang='lat' dir='ltr'><strong>et</strong></span> <span class='ocrx_word' id='word_1_179' title='bbox 530 2361 661 2420; x_wconf 84' lang='lat' dir='ltr'><strong>infundis</strong></span> <span class='ocrx_word' id='word_1_180' title='bbox 685 2381 738 2437; x_wconf 88' lang='lat' dir='ltr'><strong>per</strong></span> <span class='ocrx_word' id='word_1_181' title='bbox 762 2381 864 2420; x_wconf 90' lang='lat' dir='ltr'><strong>narem</strong></span> <span class='ocrx_word' id='word_1_182' title='bbox 888 2359 1029 2420; x_wconf 78' lang='lat' dir='ltr'><strong>dextram.</strong></span> 
     </span>
    </p>

    <p class='ocr_par' dir='ltr' id='par_1_13' title="bbox 7 2447 1127 2795">
     <span class='ocr_line' id='line_1_26' title="bbox 7 2447 1127 2526; baseline -0.012 -12"><span class='ocrx_word' id='word_1_183' title='bbox 7 2471 14 2514; x_wconf 76' lang='lat'>5</span> <span class='ocrx_word' id='word_1_184' title='bbox 92 2449 235 2512; x_wconf 83' lang='lat' dir='ltr'>XXXVI</span> <span class='ocrx_word' id='word_1_185' title='bbox 261 2451 348 2526; x_wconf 84' lang='lat' dir='ltr'><strong>Eque</strong></span> <span class='ocrx_word' id='word_1_186' title='bbox 375 2451 518 2511; x_wconf 80' lang='lat' dir='ltr'><strong>secundas</strong></span> <span class='ocrx_word' id='word_1_187' title='bbox 544 2451 570 2510; x_wconf 87' lang='lat' dir='ltr'><strong>si</strong></span> <span class='ocrx_word' id='word_1_188' title='bbox 596 2469 656 2509; x_wconf 88' lang='lat' dir='ltr'><strong>nen</strong></span> <span class='ocrx_word' id='word_1_189' title='bbox 684 2451 818 2525; x_wconf 78' lang='lat' dir='ltr'><strong>eiecerit,</strong></span> <span class='ocrx_word' id='word_1_190' title='bbox 845 2467 941 2510; x_wconf 88' lang='lat' dir='ltr'><strong>sumes</strong></span> <span class='ocrx_word' id='word_1_191' title='bbox 969 2469 1051 2524; x_wconf 87' lang='lat' dir='ltr'><strong>sper·</strong></span> <span class='ocrx_word' id='word_1_192' title='bbox 1072 2447 1127 2502; x_wconf 86' lang='grc'><strong>770</strong></span> 
     </span>
     <span class='ocr_line' id='line_1_27' title="bbox 24 2537 1052 2602; baseline -0.007 0"><span class='ocrx_word' id='word_1_193' title='bbox 24 2547 107 2602; x_wconf 84' lang='lat' dir='ltr'><strong>team</strong></span> <span class='ocrx_word' id='word_1_194' title='bbox 134 2540 257 2600; x_wconf 87' lang='lat' dir='ltr'><strong>soleam</strong></span> <span class='ocrx_word' id='word_1_195' title='bbox 280 2542 310 2598; x_wconf 90' lang='lat' dir='ltr'><strong>et</strong></span> <span class='ocrx_word' id='word_1_196' title='bbox 331 2540 483 2599; x_wconf 88' lang='lat' dir='ltr'><strong>eembures</strong></span> <span class='ocrx_word' id='word_1_197' title='bbox 505 2539 570 2598; x_wconf 89' lang='grc'><strong>1777</strong></span> <span class='ocrx_word' id='word_1_198' title='bbox 588 2538 707 2597; x_wconf 90' lang='lat' dir='ltr'><strong>mando.</strong></span> <span class='ocrx_word' id='word_1_199' title='bbox 753 2542 783 2597; x_wconf 93' lang='lat' dir='ltr'><strong>et</strong></span> <span class='ocrx_word' id='word_1_200' title='bbox 809 2557 876 2597; x_wconf 88' lang='lat' dir='ltr'><strong>eum</strong></span> <span class='ocrx_word' id='word_1_201' title='bbox 898 2537 1052 2596; x_wconf 82' lang='lat' dir='ltr'><strong>combusta</strong></span> 
     </span>
     <span class='ocr_line' id='line_1_28' title="bbox 24 2625 1050 2706; baseline -0.008 -15"><span class='ocrx_word' id='word_1_202' title='bbox 24 2633 134 2706; x_wconf 80' lang='lat' dir='ltr'><strong>fuerit,</strong></span> <span class='ocrx_word' id='word_1_203' title='bbox 173 2645 273 2687; x_wconf 85' lang='lat' dir='ltr'><strong>sumes</strong></span> <span class='ocrx_word' id='word_1_204' title='bbox 305 2629 431 2688; x_wconf 81' lang='lat' dir='ltr'><strong>sinerem</strong></span> <span class='ocrx_word' id='word_1_205' title='bbox 455 2628 516 2686; x_wconf 88' lang='lat' dir='ltr'><strong>eius</strong></span> <span class='ocrx_word' id='word_1_206' title='bbox 540 2629 570 2687; x_wconf 89' lang='grc'><strong>77</strong></span> <span class='ocrx_word' id='word_1_207' title='bbox 592 2645 659 2686; x_wconf 90' lang='lat' dir='ltr'><strong>eum</strong></span> <span class='ocrx_word' id='word_1_208' title='bbox 680 2627 750 2686; x_wconf 87' lang='lat' dir='ltr'><strong>vino</strong></span> <span class='ocrx_word' id='word_1_209' title='bbox 781 2630 811 2686; x_wconf 86' lang='lat' dir='ltr'><strong>et</strong></span> <span class='ocrx_word' id='word_1_210' title='bbox 838 2626 903 2684; x_wconf 89' lang='lat' dir='ltr'><strong>eleo</strong></span> <span class='ocrx_word' id='word_1_211' title='bbox 930 2625 1050 2701; x_wconf 80' lang='lat' dir='ltr'><strong>ieiunae</strong></span> 
     </span>
     <span class='ocr_line' id='line_1_29' title="bbox 24 2715 267 2795; baseline -0.029 -15"><span class='ocrx_word' id='word_1_212' title='bbox 24 2741 77 2795; x_wconf 87' lang='lat' dir='ltr'><strong>per</strong></span> <span class='ocrx_word' id='word_1_213' title='bbox 103 2738 142 2778; x_wconf 90' lang='lat' dir='ltr'><strong>os</strong></span> <span class='ocrx_word' id='word_1_214' title='bbox 170 2715 267 2775; x_wconf 85' lang='lat' dir='ltr'><strong>dabis.</strong></span> 
     </span>
    </p>

    <p class='ocr_par' dir='ltr' id='par_1_14' title="bbox 93 2803 1051 2882">
     <span class='ocr_line' id='line_1_30' title="bbox 93 2803 1051 2882; baseline -0.007 -14"><span class='ocrx_word' id='word_1_215' title='bbox 93 2804 251 2868; x_wconf 87' lang='lat' dir='ltr'>XXXVII</span> <span class='ocrx_word' id='word_1_216' title='bbox 273 2805 360 2880; x_wconf 80' lang='lat' dir='ltr'><strong>Eque</strong></span> <span class='ocrx_word' id='word_1_217' title='bbox 383 2807 409 2865; x_wconf 88' lang='lat' dir='ltr'><strong>si</strong></span> <span class='ocrx_word' id='word_1_218' title='bbox 430 2804 580 2882; x_wconf 82' lang='lat' dir='ltr'><strong>pepererit</strong></span> <span class='ocrx_word' id='word_1_219' title='bbox 603 2807 632 2862; x_wconf 92' lang='lat' dir='ltr'><strong>et</strong></span> <span class='ocrx_word' id='word_1_220' title='bbox 655 2823 714 2863; x_wconf 86' lang='lat' dir='ltr'><strong>non</strong></span> <span class='ocrx_word' id='word_1_221' title='bbox 736 2803 910 2881; x_wconf 87' lang='lat' dir='ltr'><strong>purgaverit</strong></span> <span class='ocrx_word' id='word_1_222' title='bbox 936 2821 982 2874; x_wconf 78' lang='lat' dir='ltr'><strong>se,</strong></span> <span class='ocrx_word' id='word_1_223' title='bbox 1004 2821 1051 2861; x_wconf 90' lang='lat' dir='ltr'><strong>ra-</strong></span> 
     </span>
    </p>

    <p class='ocr_par' dir='ltr' id='par_1_15' title="bbox 6 2891 1052 3224">
     <span class='ocr_line' id='line_1_31' title="bbox 6 2891 1052 2972; baseline -0.008 -14"><span class='ocrx_word' id='word_1_224' title='bbox 6 2899 106 2958; x_wconf 75' lang='grc'><strong>771778</strong></span> <span class='ocrx_word' id='word_1_225' title='bbox 133 2893 226 2972; x_wconf 87' lang='lat' dir='ltr'><strong>porri</strong></span> <span class='ocrx_word' id='word_1_226' title='bbox 248 2895 374 2970; x_wconf 74' lang='lat' dir='ltr'><strong>capitati</strong></span> <span class='ocrx_word' id='word_1_227' title='bbox 397 2895 541 2969; x_wconf 87' lang='lat' dir='ltr'><strong>deaeques</strong></span> <span class='ocrx_word' id='word_1_228' title='bbox 558 2893 591 2952; x_wconf 93' lang='lat' dir='ltr'><strong>in</strong></span> <span class='ocrx_word' id='word_1_229' title='bbox 608 2893 712 2952; x_wconf 85' lang='lat' dir='ltr'><strong>tertias</strong></span> <span class='ocrx_word' id='word_1_230' title='bbox 732 2913 767 2950; x_wconf 84' lang='lat' dir='ltr'><strong>ex</strong></span> <span class='ocrx_word' id='word_1_231' title='bbox 786 2911 864 2968; x_wconf 88' lang='lat' dir='ltr'><strong>aqua</strong></span> <span class='ocrx_word' id='word_1_232' title='bbox 882 2891 1052 2967; x_wconf 82' lang='lat' dir='ltr'><strong>eistemina,</strong></span> 
     </span>
     <span class='ocr_line' id='line_1_32' title="bbox 26 2981 1051 3061; baseline -0.009 -15"><span class='ocrx_word' id='word_1_233' title='bbox 26 2989 120 3046; x_wconf 86' lang='lat' dir='ltr'><strong>addes</strong></span> <span class='ocrx_word' id='word_1_234' title='bbox 152 3001 292 3042; x_wconf 90' lang='lat' dir='ltr'><strong>murram</strong></span> <span class='ocrx_word' id='word_1_235' title='bbox 317 2982 481 3061; x_wconf 78' lang='lat' dir='ltr'><strong>trigoniten</strong></span> <span class='ocrx_word' id='word_1_236' title='bbox 508 2982 587 3058; x_wconf 89' lang='lat' dir='ltr'><strong>qued</strong></span> <span class='ocrx_word' id='word_1_237' title='bbox 615 2981 687 3041; x_wconf 89' lang='lat' dir='ltr'><strong>satis</strong></span> <span class='ocrx_word' id='word_1_238' title='bbox 715 2983 773 3055; x_wconf 85' lang='grc'><strong>787,</strong></span> <span class='ocrx_word' id='word_1_239' title='bbox 801 2983 831 3039; x_wconf 85' lang='grc'><strong>77</strong></span> <span class='ocrx_word' id='word_1_240' title='bbox 856 2981 961 3040; x_wconf 82' lang='lat' dir='ltr'><strong>misces</strong></span> <span class='ocrx_word' id='word_1_241' title='bbox 985 2999 1051 3038; x_wconf 87' lang='lat' dir='ltr'><strong>eum</strong></span> 
     </span>
     <span class='ocr_line' id='line_1_33' title="bbox 26 3069 1052 3153; baseline -0.01 -17"><span class='ocrx_word' id='word_1_242' title='bbox 26 3096 108 3153; x_wconf 87' lang='lat' dir='ltr'><strong>aqua</strong></span> <span class='ocrx_word' id='word_1_243' title='bbox 135 3071 306 3132; x_wconf 88' lang='lat' dir='ltr'><strong>eisternina</strong></span> <span class='ocrx_word' id='word_1_244' title='bbox 329 3072 449 3132; x_wconf 80' lang='lat' dir='ltr'><strong>decocta</strong></span> <span class='ocrx_word' id='word_1_245' title='bbox 471 3071 565 3131; x_wconf 88' lang='lat' dir='ltr'><strong>eiatos</strong></span> <span class='ocrx_word' id='word_1_246' title='bbox 589 3089 639 3130; x_wconf 87' lang='lat' dir='ltr'><strong>sex</strong></span> <span class='ocrx_word' id='word_1_247' title='bbox 662 3069 772 3129; x_wconf 85' lang='lat' dir='ltr'><strong>etvini</strong></span> <span class='ocrx_word' id='word_1_248' title='bbox 795 3069 889 3129; x_wconf 86' lang='lat' dir='ltr'><strong>eiatos</strong></span> <span class='ocrx_word' id='word_1_249' title='bbox 907 3069 961 3127; x_wconf 89' lang='lat' dir='ltr'><strong>HI.</strong></span> <span class='ocrx_word' id='word_1_250' title='bbox 998 3088 1052 3145; x_wconf 88' lang='lat' dir='ltr'><strong>per</strong></span> 
     </span>
     <span class='ocr_line' id='line_1_34' title="bbox 25 3160 396 3224; baseline -0.013 0"><span class='ocrx_word' id='word_1_251' title='bbox 25 3167 130 3224; x_wconf 84' lang='lat' dir='ltr'><strong>triduo</strong></span> <span class='ocrx_word' id='word_1_252' title='bbox 158 3161 282 3220; x_wconf 88' lang='lat' dir='ltr'><strong>ieiunae</strong></span> <span class='ocrx_word' id='word_1_253' title='bbox 305 3160 396 3220; x_wconf 88' lang='lat' dir='ltr'><strong>dabis.</strong></span> 
     </span>
    </p>
   </div>
   <div class='ocr_carea' id='block_1_3' title="bbox 23 3377 1052 3596">
    <p class='ocr_par' dir='ltr' id='par_1_16' title="bbox 23 3377 1052 3596">
     <span class='ocr_line' id='line_1_35' title="bbox 96 3377 1052 3454; baseline -0.012 -11"><span class='ocrx_word' id='word_1_254' title='bbox 96 3395 114 3443; x_wconf 79' lang='grc' dir='ltr'>ὁ</span> <span class='ocrx_word' id='word_1_255' title='bbox 132 3382 262 3441; x_wconf 83' lang='lat' dir='ltr'><strong>siculum</strong></span> <span class='ocrx_word' id='word_1_256' title='bbox 278 3383 282 3451; x_wconf 93' lang='grc' dir='ltr'>Ι</span> <span class='ocrx_word' id='word_1_257' title='bbox 299 3384 469 3436; x_wconf 88' lang='lat' dir='ltr'><strong>sarmentum</strong></span> <span class='ocrx_word' id='word_1_258' title='bbox 484 3382 489 3454; x_wconf 75' lang='grc' dir='ltr'>Ι</span> <span class='ocrx_word' id='word_1_259' title='bbox 506 3381 615 3436; x_wconf 80' lang='lat' dir='ltr'><strong>aninum</strong></span> <span class='ocrx_word' id='word_1_260' title='bbox 628 3406 662 3426; x_wconf 91' lang='lat'><em>=</em></span> <span class='ocrx_word' id='word_1_261' title='bbox 677 3378 770 3450; x_wconf 72' lang='grc' dir='ltr'><strong><em>ἐχῖνον</em></strong></span> <span class='ocrx_word' id='word_1_262' title='bbox 784 3381 793 3449; x_wconf 89' lang='grc' dir='ltr'><strong>ΙΙ</strong></span> <span class='ocrx_word' id='word_1_263' title='bbox 808 3385 840 3432; x_wconf 93' lang='grc'><strong>12</strong></span> <span class='ocrx_word' id='word_1_264' title='bbox 862 3377 902 3432; x_wconf 86' lang='lat' dir='ltr'><strong>eie</strong></span> <span class='ocrx_word' id='word_1_265' title='bbox 920 3380 930 3447; x_wconf 81' lang='grc' dir='ltr'><strong>ΙΙ</strong></span> <span class='ocrx_word' id='word_1_266' title='bbox 950 3383 984 3431; x_wconf 88' lang='grc'><strong>20</strong></span> <span class='ocrx_word' id='word_1_267' title='bbox 1001 3393 1052 3432; x_wconf 89' lang='lat' dir='ltr'><strong>vo-</strong></span> 
     </span>
     <span class='ocr_line' id='line_1_36' title="bbox 23 3448 1051 3532; baseline -0.011 -19"><span class='ocrx_word' id='word_1_268' title='bbox 23 3460 111 3516; x_wconf 84' lang='lat' dir='ltr'><strong>luerit</strong></span> <span class='ocrx_word' id='word_1_269' title='bbox 126 3460 138 3529; x_wconf 84' lang='grc' dir='ltr'><strong>ΙΙ</strong></span> <span class='ocrx_word' id='word_1_270' title='bbox 155 3461 193 3510; x_wconf 88' lang='grc'><strong>22</strong></span> <span class='ocrx_word' id='word_1_271' title='bbox 214 3468 354 3522; x_wconf 82' lang='lat' dir='ltr'><strong>praeuane</strong></span> <span class='ocrx_word' id='word_1_272' title='bbox 371 3454 375 3522; x_wconf 91' lang='grc' dir='ltr'>Ι</span> <span class='ocrx_word' id='word_1_273' title='bbox 391 3453 508 3508; x_wconf 84' lang='lat' dir='ltr'><strong>strofose</strong></span> <span class='ocrx_word' id='word_1_274' title='bbox 524 3451 582 3506; x_wconf 88' lang='lat' dir='ltr'><strong>iam</strong></span> <span class='ocrx_word' id='word_1_275' title='bbox 593 3454 605 3532; x_wconf 74' lang='grc' dir='ltr'><strong>ΙΙ</strong></span> <span class='ocrx_word' id='word_1_276' title='bbox 619 3457 652 3504; x_wconf 84' lang='grc'><strong>23</strong></span> <span class='ocrx_word' id='word_1_277' title='bbox 672 3450 723 3505; x_wconf 86' lang='lat' dir='ltr'><strong>sub</strong></span> <span class='ocrx_word' id='word_1_278' title='bbox 737 3450 794 3504; x_wconf 89' lang='lat' dir='ltr'><strong>imo</strong></span> <span class='ocrx_word' id='word_1_279' title='bbox 811 3450 815 3522; x_wconf 72' lang='grc'><strong>1</strong></span> <span class='ocrx_word' id='word_1_280' title='bbox 830 3448 988 3521; x_wconf 69' lang='grc'><strong>7777771126</strong></span> <span class='ocrx_word' id='word_1_281' title='bbox 1008 3465 1051 3503; x_wconf 90' lang='grc'><strong>87-</strong></span> 
     </span>
     <span class='ocr_line' id='line_1_37' title="bbox 23 3522 966 3596; baseline -0.01 -12"><span class='ocrx_word' id='word_1_282' title='bbox 23 3531 111 3588; x_wconf 84' lang='lat' dir='ltr'><strong>leam:</strong></span> <span class='ocrx_word' id='word_1_283' title='bbox 133 3529 176 3596; x_wconf 75' lang='lat' dir='ltr'><strong>ef.</strong></span> <span class='ocrx_word' id='word_1_284' title='bbox 197 3524 281 3591; x_wconf 74' lang='lat' dir='ltr'><strong>infra</strong></span> <span class='ocrx_word' id='word_1_285' title='bbox 294 3540 325 3592; x_wconf 84' lang='lat' dir='ltr'><strong>p.</strong></span> <span class='ocrx_word' id='word_1_286' title='bbox 341 3527 405 3590; x_wconf 75' lang='lat'><strong><em>245,</em></strong></span> <span class='ocrx_word' id='word_1_287' title='bbox 418 3528 455 3580; x_wconf 83' lang='lat'><strong>12</strong></span> <span class='ocrx_word' id='word_1_288' title='bbox 468 3529 477 3593; x_wconf 73' lang='lat' dir='ltr'><strong>t</strong></span> <span class='ocrx_word' id='word_1_289' title='bbox 491 3529 524 3578; x_wconf 84' lang='grc'><strong>27</strong></span> <span class='ocrx_word' id='word_1_290' title='bbox 534 3540 572 3593; x_wconf 75' lang='lat' dir='ltr'><strong>eq.</strong></span> <span class='ocrx_word' id='word_1_291' title='bbox 590 3538 767 3593; x_wconf 84' lang='lat' dir='ltr'><strong>ramneperoe</strong></span> <span class='ocrx_word' id='word_1_292' title='bbox 786 3524 837 3578; x_wconf 78' lang='lat' dir='ltr'><strong>eie:</strong></span> <span class='ocrx_word' id='word_1_293' title='bbox 857 3538 924 3577; x_wconf 81' lang='lat' dir='ltr'><strong>cerr.</strong></span> <span class='ocrx_word' id='word_1_294' title='bbox 938 3522 966 3575; x_wconf 93' lang='lat' dir='ltr'><em>B</em></span> 
     </span>
    </p>
   </div>
   <div class='ocr_carea' id='block_1_4' title="bbox 0 0 1244 3910">
    <p class='ocr_par' dir='ltr' id='par_1_17' title="bbox 0 0 1244 3910">
     <span class='ocr_line' id='line_1_38' title="bbox 0 0 1244 3910; baseline 0 0"><span class='ocrx_word' id='word_1_295' title='bbox 0 0 1244 3910; x_wconf 95' lang='lat' dir='ltr'><strong> </strong></span> 
     </span>
    </p>
   </div>
  </div>
 </body>
</html>
