2470 3902
222 185 503 241 MULOMEDIOINA
522 185 691 241 CHIROMS
709 191 849 238 cco-431
975 184 1040 250 133

40 340 94 393 tum
112 339 163 412 ost,
181 337 274 394 mirra
288 335 308 401 5
321 335 361 413 Π,
385 337 494 395 cumini
507 337 702 394 Alexandrini
715 334 784 411 5Π,
803 336 989 411 petrosillion
1006 337 1039 393 in

40 419 200 501 'spon'stide
217 426 237 490 5
250 426 291 501 Π,
312 425 495 502 plantaginis
508 471 514 484 .
530 469 558 499 .,
581 425 709 485 sideritis
727 425 835 483 herbae
850 423 870 489 5
883 425 921 484 H.
955 424 1038 484 dabis

41 534 69 570 ex
84 514 140 572 hac
162 515 292 590 potione.
329 513 354 572 si
378 533 413 570 ex
439 514 495 572 hoo
517 533 577 572 non
599 513 757 590 proficerit,
781 513 871 571 aliam
889 515 1039 588 potionem

40 604 62 660 ei
87 602 185 661 dabis:
221 620 310 661 nuces
342 602 469 679 grandes
500 605 678 662 commustas
710 620 831 660 numero
860 601 901 675 Χ,
937 603 1039 660 valan·

15 693 122 749 estium
144 693 165 758 5
184 691 260 764 HH,
292 690 456 766 lapidariae
484 711 584 751 semen
606 691 704 765 5ΠΙ,
736 691 849 750 cocleas
878 688 1039 748 Germanas

36 798 151 838 numero
174 779 211 854 X,
234 780 410 857 argallicum
432 780 536 855 5IHI,
558 782 631 839 haec
650 782 749 838 omnia
766 783 835 838 tusa
855 779 859 854 1
881 779 911 837 et
928 778 1036 838 trebel·
1061 781 1171 840 129⁷b

35 869 100 927 lata.
147 869 232 927 dabis
256 870 356 926 antem
374 887 410 926 ex
428 887 462 927 eo
488 867 544 945 [in]
570 869 784 928 medicamento
814 868 952 927 cocliaria
979 868 1037 926 duo

35 977 66 1014 ex
95 958 174 1016 lacte
207 957 328 1032 caprino
365 957 487 1016 decoctu
519 957 625 1017 notulis
651 959 683 1016 H
713 977 767 1034 per
799 957 931 1035 singulos
964 956 1037 1031 dieo,

38 1047 127 1105 donec
151 1065 257 1104 sanum
278 1045 337 1104 fiet.

2 1151 21 1188 io
94 1134 140 1192 IV
176 1135 222 1193 De
259 1134 421 1194 disinteria.
475 1135 500 1193 si
537 1135 616 1210 quod
651 1134 816 1193 iumentum
852 1135 1036 1194 disinteriam
1054 1134 1112 1191 429

32 1224 181 1298 habuerit,
209 1223 295 1302 signa
322 1223 410 1282 huius
438 1226 524 1281 erunt
550 1224 630 1282 haec.
677 1227 863 1299 coporrectus
891 1223 980 1282 cubat
1008 1226 1038 1282 ct

32 1331 121 1370 anum
154 1313 329 1387 comprimet
359 1313 389 1370 et
420 1315 519 1388 gemet
551 1315 581 1370 et
612 1312 774 1388 plurimum
804 1313 954 1372 mucidum
990 1311 1040 1370 ad-

31 1403 163 1478 sellatur,
188 1401 408 1478 sanguilentum
431 1401 600 1476 aliquando,
624 1403 654 1459 et
677 1401 793 1460 assidue
821 1419 851 1459 se
878 1401 987 1476 proicit
1009 1403 1039 1459 et

30 1491 193 1566 consurgit,
216 1492 308 1565 caput
329 1489 367 1547 ad
385 1491 520 1548 ventrem
538 1491 636 1565 vertit,
659 1491 781 1566 respicit
798 1491 943 1565 passionis
967 1508 1036 1549 suae

2 1580 129 1638 ‚ciocum
153 1581 185 1636 et
211 1577 365 1636 fastidium
388 1597 456 1636 eum
478 1579 618 1653 sequitur.
664 1579 706 1637 sic
730 1599 797 1636 eum
820 1578 943 1638 curabis
990 1597 1038 1637 cu-

28 1669 102 1726 mini
133 1666 154 1732 5
179 1665 227 1724 HI
260 1669 291 1724 et
324 1667 406 1742 porri
434 1668 532 1725 sectivi
568 1685 688 1725 manum
716 1667 836 1742 plenam
866 1669 897 1725 et
931 1666 1038 1725 lasaris

29 1755 152 1832 Cyrinei
179 1759 322 1830 tunquam
344 1773 470 1832 granum
494 1755 589 1814 fabae.
630 1757 703 1814 hacc
728 1754 917 1830 contundito,
947 1757 977 1814 et
1005 1775 1039 1812 ex

28 1865 59 1904 co
94 1844 316 1903 medicamento
353 1843 485 1920 singulas
515 1844 535 1908 5
564 1845 596 1902 in
633 1862 742 1920 aquam
778 1844 884 1903 diluito
921 1844 1038 1902 caldam

28 1935 63 1992 ad
97 1933 218 1993 cotulas
244 1931 289 2006 Π,
319 1931 475 2008 potionato
507 1952 559 2008 per
591 1933 653 1992 dies
680 1933 787 2008 plures.
833 1934 859 1991 si
889 1933 945 1991 hoo
976 1951 1037 1992 non
1054 1933 1112 1990 430

2 2023 194 2098 oproficerit,
217 2021 294 2079 lacte
318 2021 472 2096 caprinum
495 2021 532 2078 ad
556 2022 669 2080 cotulas
687 2022 719 2079 H
741 2022 773 2079 in
791 2040 863 2081 naso
887 2039 965 2082 novo
989 2041 1037 2080 on-

25 2117 90 2173 rato
120 2111 286 2184 decoquere
311 2127 378 2168 cum
407 2110 478 2168 salis
501 2110 650 2185 pusillum.
688 2111 735 2169 cui
765 2110 939 2169 admiscebis
970 2113 1039 2185 post

26 2199 234 2260 decoctionem
251 2217 287 2256 ex
304 2199 360 2257 hoc
377 2198 591 2257 medicamento
610 2199 755 2259 coclearia
774 2199 845 2257 duo:
863 2199 989 2276 glandis,
1008 2200 1039 2258 id

26 2294 68 2348 est
91 2288 176 2346 ilicis
200 2287 313 2346 arboris
336 2288 476 2346 corticem
497 2287 596 2362 pondo
619 2285 705 2363 libra,
733 2291 763 2347 et
786 2289 895 2347 cumini
918 2291 1038 2346 tantun-

25 2379 91 2437 dem
112 2380 147 2436 et
164 2394 284 2434 murrae
297 2377 318 2439 5
330 2375 394 2435 ΠΠ
407 2377 581 2435 contundito
600 2379 631 2434 et
648 2377 768 2438 cernito.
801 2385 837 2436 e'x
856 2395 890 2435 eo
909 2377 1035 2436 medica-

2 2471 128 2526 omento
154 2483 177 2523 s,
202 2482 224 2522 s,
247 2461 413 2540 potionato,
436 2465 528 2524 donec
551 2483 656 2524 sanum
677 2465 739 2523 fiat.

88 2555 121 2611 V
152 2553 200 2612 De
223 2553 360 2613 coeliaco.
406 2555 432 2612 si
459 2554 537 2628 quod
564 2554 729 2612 iumentum
752 2555 912 2613 coeliacum
934 2554 1033 2628 fuerit,
1053 2552 1109 2609 431

24 2647 64 2703 sio
89 2663 164 2702 eum
189 2643 348 2719 cognoscis.
394 2659 480 2700 crura
503 2642 559 2701 sibi
582 2637 729 2720 †oonabit
752 2643 835 2702 etin
862 2643 967 2700 itinere
990 2642 1039 2700 de-

24 2734 105 2792 ficiet
132 2731 172 2789 ab
197 2748 245 2804 eo,
269 2731 348 2805 qnod
370 2732 482 2789 stercus
504 2731 631 2790 retinere
654 2750 713 2790 non
736 2733 848 2807 potest,
879 2733 909 2788 et
930 2750 984 2805 per
1007 2748 1039 2789 os

25 2823 141 2881 salivas
164 2819 277 2878 multas
301 2819 413 2878 emittit
436 2822 466 2878 et
488 2819 644 2897 fatigatior
669 2819 728 2878 fiet.
775 2821 873 2878 cibum
894 2837 953 2877 non
976 2821 1040 2876 tam

3 2911 156 2969 olibenter
198 2909 330 2983 appetiet
361 2927 415 2966 nec
445 2911 550 2982 potum
585 2927 639 2967 neo
670 2908 756 2967 facile
790 2908 906 2966 dormit.
962 2926 1038 2982 qnae

22 3000 127 3074 passio
153 2997 277 3073 accidit,
310 2996 335 3054 si
368 2996 486 3071 quando
517 2997 682 3055 iumentum
714 2996 751 3055 ab
777 2997 883 3055 itinere
911 2997 1039 3054 calidum

95 3191 111 3238 2
125 3201 206 3255 pom
221 3181 320 3237 sectivi
329 3184 373 3252 (cf.
385 3184 400 3237 l.
412 3185 475 3252 16)?
489 3163 528 3238 aa
541 3182 647 3252 ὀρεστίς
659 3181 761 3238 herba?
774 3185 783 3252 1
796 3189 813 3236 4
824 3185 991 3236 communias
1001 3209 1035 3228 =

22 3257 192 3311 combustus
213 3255 217 3325 1
233 3271 270 3323 sq.
286 3252 468 3308 balaninum?
482 3257 520 3324 117
539 3255 570 3308 in
588 3256 638 3310 del.
658 3255 686 3308 B
699 3256 738 3323 118
758 3253 895 3323 decoctou
910 3260 942 3307 11
963 3271 1038 3323 spor-

22 3331 119 3420 rectus
138 3328 204 3407 1112
223 3324 359 3378 mucitum
372 3329 381 3395 11
401 3331 433 3378 16
453 3325 535 3429 sicibi
548 3329 558 3394 11
572 3331 605 3379 lu
625 3342 756 3394 cyquam:
775 3325 901 3432 corn-Q
919 3343 957 3378 on
975 3325 1039 3412 latet

19 3395 1038 3549 suunuta{tutatalaurisannuml

19 3541 150 3608 nabitur)
165 3539 306 3605 infinitivo
320 3539 441 3607 suppleto
455 3539 494 3592 W
503 3540 513 3607 11
527 3543 560 3591 28
577 3540 697 3594 retinere
714 3547 764 3594 cut
780 3539 920 3594 continere
932 3541 964 3593 in
979 3539 1036 3594 cod.
