2512 3906
481 174 694 230 PRAEFATIO.
1058 173 1108 227 VII

87 329 186 403 ipsum
210 346 229 385 a
252 326 350 386 verbis
374 321 417 384 ‘si
440 327 512 402 quid
536 321 631 386 cnim'
656 319 749 408 (infra
772 346 800 403 p.
816 322 912 403 4,12),
936 327 970 384 ut
992 325 1105 402 primas

86 416 251 475 sententias
273 416 454 491 interceptas
477 433 540 476 esse
563 408 718 495 liqueat.¹)

174 503 314 564 Divisum
327 505 488 575 astantem
502 523 576 581 opus
585 503 617 562 iu
626 504 728 564 decem
736 503 828 563 libros
839 501 1104 579 subscriptionibus

87 596 220 668 ornatos
243 593 275 650 in
298 593 406 668 quibus
429 596 585 653 auctorum
607 592 729 652 nomina
753 594 859 668 quater
881 592 1050 651 traduntur.

174 717 316 794 Legimus
339 717 473 777 enimin
496 716 554 776 fine
577 717 667 793 primi
689 716 760 792 libri
784 712 876 793 (infru
899 708 1006 797 §55):

263 839 398 901 Chironis
422 839 562 901 Centauri
584 841 656 901 tiber
673 843 791 914 pnneus
815 841 930 914 eapticit

220 931 330 1003 Incipit
351 929 424 990 tiber
446 932 495 990 2²⁴⁸
518 922 570 1012 (of.
593 929 728 988 tabulam
750 921 962 1009 phototypam)

1 1004 2 1026 1
85 1054 124 1113 ad
148 1055 261 1114 calcem
283 1052 405 1112 secundi
427 1052 497 1112 libri
522 1045 614 1135 (infru
637 1045 767 1134 §113):

87 1178 225 1238 Chironis
248 1180 379 1238 centauri
401 1179 574 1238 ceteriniarn
596 1180 631 1238 cte
648 1179 803 1252 permixtis
819 1178 1010 1250 passionibus
1033 1177 1106 1237 tiber

276 1267 422 1326 secundus
445 1268 560 1340 cupticit
581 1269 684 1341 innpit
705 1266 777 1326 tiber
800 1269 900 1326 tertius

159 1473 185 1539 1)
204 1470 424 1525 Mulomedicina
448 1471 535 1524 etiam
558 1470 587 1522 in
612 1470 700 1524 altero
724 1470 848 1539 quodam
867 1471 963 1525 codice
983 1463 1106 1525 11111111

1 1565 2 1592 ι
85 1541 161 1607 tulit,
187 1558 270 1608 quem
293 1541 421 1610 possedit
440 1540 615 1595 Godofredus
635 1541 814 1606 Thomasius,
834 1541 960 1595 medIcus
979 1544 1008 1595 et
1025 1542 1106 1610 poly-

86 1613 177 1667 histor
186 1611 429 1682 Norimbergensis
444 1613 525 1682 (vixit
540 1617 716 1666 1660-1746
731 1611 850 1678 cf.Will,
865 1612 1106 1682 Niirnbsrgisches

87 1683 351 1738 Gelehrtenlexicon
369 1683 480 1752 1713).
518 1683 685 1737 Thomasius
708 1684 770 1752 ipse
793 1683 955 1752 catalogum
977 1683 1107 1746 codicum

1 1765 2 1792 1
88 1771 204 1808 suorum
226 1754 393 1824 composuit,
417 1755 465 1822 qui
489 1753 651 1824 divulgatus
675 1757 718 1808 est
739 1753 770 1806 in
789 1753 895 1821 libello,
915 1771 998 1822 quem
1016 1753 1048 1808 Ii.
1068 1755 1105 1806 M.

87 1824 259 1880 Meelffihrer
276 1825 451 1895 Noribergae
470 1828 499 1879 et
517 1825 630 1894 Lipsiae
655 1830 724 1878 1699
749 1824 847 1891 edidit,
872 1825 918 1879 cui
941 1827 984 1879 est
1005 1825 1106 1879 titulus

86 1897 260 1952 Accessiones
287 1897 326 1950 ad
341 1939 367 1950 ..
389 1896 575 1950 bibtiottncarn
597 1897 764 1965 promissam
792 1903 826 1950 et·
844 1897 970 1951 latentem
997 1899 1033 1966 (p.
1056 1901 1104 1949 131

1 1977 2 1984 ’
88 1969 196 2036 -144).
243 1967 311 2021 ibid.
336 1986 363 2036 p.
385 1972 435 2020 132
464 1967 574 2021 codices
603 1967 766 2021 chartaceos
792 1967 958 2021 Thomasius
987 1984 1106 2021 comme·

86 2041 192 2092 morat:
212 2038 309 2093 Macer
332 2040 365 2094 de
382 2039 529 2093 nautibus
547 2038 694 2093 berborurn
712 2055 773 2093 cunt
788 2039 958 2107 paraphrasi
975 2039 1108 2109 rbptbnris

1 2109 2 2148 t
89 2110 263 2164 Gennanicis
295 2125 437 2178 cupreum
470 2108 571 2163 deinde
606 2109 733 2164 Chironis
764 2109 909 2174 Centauri,
941 2109 1057 2181 Absyrti
1083 2116 1108 2164 et

90 2181 128 2234 Gt.
148 2180 318 2234 Hermerotis
341 2181 374 2234 de
391 2186 450 2234 arte
467 2181 633 2235 veterinoriu
652 2180 717 2234 libri
736 2179 772 2233 X.
795 2180 908 2234 Otinerii
926 2181 1108 2249 Neapolitani

86 2251 117 2305 cte
149 2252 233 2320 equis.
286 2251 410 2320 Vepetius
441 2251 474 2304 cte
509 2251 586 2305 oculo
618 2251 678 2320 (sic)
711 2251 848 2305 nuntia
879 2267 940 2305 cum
966 2252 1106 2322 plessario.

85 2337 187 2390 parum
210 2324 342 2375 accurate
365 2338 431 2390 ergo
454 2321 600 2375 Fabricius
622 2321 694 2375 Bibl.
716 2322 775 2375 Lat.
795 2322 834 2374 III
854 2327 904 2375 178
929 2321 971 2375 ed.
996 2321 1107 2375 Ernesti

86 2393 171 2460 (sicut
191 2409 235 2446 me
255 2392 353 2446 docuit
366 2392 531 2446 Franciscus
545 2392 619 2460 Boll)
638 2393 797 2446 annotavit:
818 2393 956 2463 Vepetium
970 2393 1003 2447 cte
1021 2394 1105 2448 muto-

2 2471 3 2496 ³
87 2463 225 2518 1117110111
242 2480 292 2518 nec
309 2465 402 2518 ninus
421 2463 548 2518 cannis
568 2464 699 2518 cnunc
718 2464 832 2534 Absyrti
850 2470 875 2518 et
895 2464 933 2518 Ol.
953 2464 1108 2519 Henurotis

88 2534 121 2588 de
143 2540 203 2589 arte
220 2534 396 2589 Veterinaria
419 2535 503 2588 libros
521 2535 553 2587 X
570 2541 594 2589 et
616 2534 729 2588 Oticerii
746 2534 929 2602 Neapolitani
952 2535 1053 2588 tibrum
1075 2535 1108 2586 de

87 2606 164 2673 equis
192 2621 238 2659 ns.
267 2605 393 2659 sanabat
420 2605 616 2675 Norinberpae
640 2605 787 2672 (tetfridus
810 2605 979 2660 1711111111.
1021 2604 1106 2657 immo

87 2675 157 2729 duos
173 2675 284 2729 codices
299 2674 387 2728 fuisse
401 2675 486 2728 vides.
524 2675 622 2742 ihmio,
642 2676 691 2743 qui
710 2675 833 2729 Fabricii
851 2676 944 2730 locum
963 2675 1107 2744 cognitum

86 2746 212 2812 haberet,
232 2746 390 2800 sciscitanti
408 2763 484 2800 nunc
502 2747 627 2800 codicem
642 2745 668 2798 N
670 2746 845 2816 orimbergae
860 2763 920 2800 esse
934 2748 1107 2815 negaverunt

4 2867 5 2878 ,
88 2816 574 2887 (cf.editionemPelagoniip.14).
613 2813 737 2872 exactis
758 2817 866 2872 ‘Neues
879 2817 1035 2886 Zeitungen
1054 2833 1107 2869 von

3 2879 5 2924 !
88 2887 241 2942 Gelehrten
265 2888 374 2941 Sachen
402 2887 454 2941 auf
474 2888 525 2942 das
548 2887 617 2942 Jahr
641 2894 723 2955 1747,
753 2892 840 2942 111111
863 2886 944 2941 Theil
972 2887 1107 2956 (Leipzig)

88 2957 135 3011 Nr.
146 2958 237 3012 XVIII
250 2978 278 3028 p.
291 2964 431 3012 lca-165
447 2959 580 3013 discimus
595 2958 799 3014 bibliothecam
812 2957 956 3013 Thomasii
971 2974 1044 3011 anno
1059 2975 1108 3012 an-

87 3032 114 3082 te
129 3028 257 3083 defuncti
270 3032 333 3083 tum
347 3029 488 3100 integram
502 3030 617 3098 quidem
632 3030 681 3084 sed
695 3030 823 3085 venalem
837 3030 931 3084 fuisse.
960 3029 990 3082 in
1004 3028 1108 3083 biblio-

88 3100 173 3154 theca
195 3100 426 3170 Norimbergensi
449 3117 540 3168 neque
564 3101 599 3155 de
622 3101 760 3170 catalogis
785 3101 921 3154 librorum
944 3098 1108 3155 Thomasia-

87 3173 263 3296 litias?
282 3171 1108 3298 111Οὲ1111111111111111011111ξέ111111

89 3261 348 3382 quidquam'hidis
365 3316 465 3368 notum
483 3330 542 3368 esse
561 3314 632 3368 mihi
650 3330 815 3383 responsum
834 3261 883 3367 111.
922 3313 1042 3368 fortasse
1058 3286 1108 3367 alii

89 3385 140 3437 viri
154 3385 232 3439 docti
246 3385 276 3437 in
291 3384 461 3454 indagandis
475 3384 666 3439 bibliothecae
681 3383 887 3438 Thomasianae
900 3384 1049 3439 ruderibus
1063 3399 1108 3437 ms

91 3453 229 3510 feliciores
249 3456 339 3509 erunt.
377 3455 613 3510 mulomedicinae
637 3454 763 3509 codicem
781 3455 1001 3510 Thomasianum
1023 3454 1107 3508 hodie

95 3525 199 3579 alicubi
217 3527 308 3580 latere
326 3541 417 3594 paene
436 3529 543 3580 certum
561 3527 679 3580 videtur.
