2470 3902
188 148 231 211 74
378 147 659 203 MULOMEDIOINA
678 147 848 203 CHIRONIS
868 101 1009 202 246ss250

186 300 276 357 vatur
299 298 394 356 omnis
418 301 514 357 status
538 298 676 374 corporis
719 318 836 357 omnem
858 299 1033 374 iumentum,
1057 297 1180 356 siluerit

188 406 310 462 corpore
328 387 450 462 plenum
474 390 504 447 et
527 406 666 461 crassum,
689 387 916 464 coinquinatum
937 387 1075 446 morbum
1092 387 1180 445 statim

110 471 169 530 246
187 494 218 534 se
245 476 352 553 incipit
379 477 509 552 scalpere
542 478 596 534 ant
622 476 714 534 etiam
739 476 903 551 parietibus
931 495 961 534 se
989 477 1135 554 adfligere
1158 478 1180 532 et

66 565 165 623 nefa
188 564 325 624 dentibus
358 566 493 624 comedet
526 568 558 623 et
591 564 714 624 subinde
748 568 914 624 commovet
943 561 946 643 l
976 568 1075 624 totum
1106 567 1180 639 caput
1224 615 1225 641 ᾖ

187 657 218 712 et
236 655 384 713 amiculas
403 655 545 730 demittit,
563 654 730 713 auscitatur
747 655 917 729 frequenter
935 656 966 713 et
982 654 1086 730 priora
1099 671 1181 730 genua
1199 669 1206 708 s

176 743 281 802 iactat
308 743 432 802 alternis
460 746 491 803 et
517 744 618 802 oculos
641 743 800 802 lucidiores
832 743 946 802 adferet
978 745 1009 801 et
1035 743 1181 818 plurimun
1224 785 1225 819 3

187 833 331 892 dormitat
357 834 388 890 et
414 850 627 907 nonnunquam
650 833 825 910 sanguinem
848 831 1012 890 adsellatur
1031 832 1084 890 ¹uel
1107 831 1182 890 etiam

186 922 284 980 meiet.
331 940 433 979 eorum
462 924 562 979 autem
590 921 677 979 debet
704 921 839 996 superior
865 940 941 979 vena
973 923 1027 979 aut
1054 921 1112 980 duo
1141 921 1182 977 aut

186 1013 247 1068 tres
271 1013 324 1068 aut
347 1013 394 1067 40r
411 1055 418 1067 .
434 1055 440 1066 .
456 1055 463 1067 .
480 1010 633 1087 sanguinis
655 1009 760 1084 laxari,
784 1028 859 1085 quae
883 1007 1082 1069 avertioibns
1103 1028 1181 1084 usque
1224 1081 1225 1088 ἵ

110 1097 166 1153 247
187 1100 226 1158 ad
248 1102 384 1174 tempora
407 1098 595 1157 descendunt.
642 1098 781 1157 similiter
803 1118 917 1173 eorum,
942 1099 994 1174 qui
1016 1099 1219 1158 febricitante

187 1189 229 1246 sic
257 1205 427 1265 cognosces:
460 1205 586 1262 quorum
613 1190 704 1263 caput
735 1187 854 1246 ducitur
883 1205 977 1262 usque
1007 1187 1046 1246 ad
1078 1190 1182 1245 tenum

186 1277 233 1335 his
261 1295 331 1353 orgo
360 1293 379 1333 a
405 1276 588 1351 temporibus
619 1297 655 1334 ex
680 1277 747 1352 ipsa
774 1276 850 1334 facio
878 1275 966 1335 debet
994 1277 1116 1354 sangnis
1145 1276 1183 1332 de·

186 1364 274 1423 trahi.
321 1367 351 1422 et
374 1385 409 1422 ex
433 1365 492 1424 alio
516 1366 581 1424 looo
608 1367 664 1424 aut
691 1385 726 1423 ex
748 1365 912 1440 posteriore
934 1367 1020 1442 parto
1043 1365 1108 1424 eius
1130 1383 1183 1423 sen-
1224 1443 1225 1447 Ἰ

186 1453 306 1530 guinem
330 1453 487 1530 quisquam
505 1454 676 1532 detraxerit,
699 1454 933 1514 contractionem
950 1455 1111 1530 peliuntur
1130 1472 1183 1511 ner·
1224 1517 1225 1520 Ἴ

176 1561 300 1601 rorum.
346 1562 453 1602 nervus
481 1543 573 1617 enim,
606 1543 657 1619 qui
685 1545 730 1602 est
761 1544 800 1601 ad
829 1543 989 1602 articulum
1019 1543 1225 1625 lumboruma

79 1631 81 1649 ³
186 1631 279 1690 totius
298 1633 429 1706 corporis
447 1632 631 1708 principalis
649 1651 708 1690 non
727 1633 846 1690 tantum
863 1633 920 1691 boc
938 1633 990 1691 sed
1007 1634 1039 1690 et
1056 1633 1093 1690 de
1108 1632 1183 1690 huius
1218 1709 1219 1712 Ἴ

75 1743 77 1746 ·
185 1720 295 1796 morbi,
328 1721 379 1796 qui
407 1721 577 1796 appellatur
603 1721 729 1796 meleos,
761 1739 850 1780 causa
878 1721 992 1780 solutus
1019 1723 1103 1780 totus
1130 1719 1183 1779 sub

111 1805 169 1863 248
187 1809 293 1884 iaceat,
317 1810 455 1885 quotiens
476 1810 503 1868 ei
522 1811 643 1888 sanguis
662 1809 818 1868 emittitur.
838 1809 1004 1888 contingit
1020 1812 1123 1869 autem
1138 1809 1184 1866 hoo
1224 1858 1225 1866 ,

186 1917 206 1957 u
228 1899 397 1974 frequentia
420 1899 563 1957 cursionis
586 1899 695 1973 multa,
717 1900 753 1956 ut
774 1898 941 1957 iumentum
970 1899 1119 1958 eririetur.
1161 1897 1184 1954 et

186 1987 294 2046 hinec
321 1990 400 2045 stare
427 2006 482 2046 nec
508 1988 698 2063 procumbere
722 1989 855 2063 possunt.
901 1987 1038 2062 quotiens
1060 1987 1225 2054 immun-n

185 2076 263 2150 lant,
285 2075 433 2150 prioribus
459 2077 584 2153 pedibus
607 2077 736 2151 calcant,
759 2095 852 2135 oenoe
874 2077 906 2133 in
929 2077 1063 2135 cruribus
1090 2077 1183 2152 plenae
1224 2125 1225 2128 ,

186 2165 329 2241 sanguine
358 2167 444 2222 erunt
471 2168 501 2223 et
528 2168 645 2224 tument
672 2165 700 2224 oi
726 2183 821 2223 crura.
868 2164 975 2241 quibus
998 2183 1116 2224 necesse
1137 2163 1185 2222 erit

186 2253 221 2310 de
245 2253 360 2312 coronis
384 2254 558 2330 sanguinem
581 2253 707 2329 detrahi,
731 2256 766 2312 ut
788 2255 936 2312 tumorem
959 2254 1001 2313 eis
1023 2255 1148 2314 auferas
1224 2299 1225 2336 3

109 2338 167 2396 249
251 2341 342 2399 VIHI
356 2341 551 2418 Quaecunque
565 2343 746 2401 valitudines
761 2345 952 2418 aterapeutae
964 2347 1033 2402 suut
1047 2341 1184 2411 oloronis,
1224 2371 1225 2374 ¹

186 2449 256 2488 cura
275 2449 329 2489 sua
347 2431 444 2489 curari
463 2433 589 2506 oportet
627 2449 677 2490 eas
700 2431 773 2490 ciclo
797 2431 895 2490 curari
916 2435 1043 2508 oportet.
1074 2428 1129 2507 [et]
1145 2428 1211 2488 cuis

44 2519 45 2522 ’
82 2522 84 2528 ’
186 2522 284 2584 auum
302 2519 392 2578 ciclus
411 2538 499 2578 curae
518 2519 701 2579 adhibendus
720 2520 785 2596 erit,
809 2520 851 2579 sio
868 2521 994 2580 curabis.
1032 2518 1184 2580 abstinebis
1214 2583 1217 2590 ,

99 2651 100 2656 1
186 2615 253 2666 eum
281 2609 318 2667 ab
350 2609 460 2668 hordeo
491 2609 604 2683 triduo,
635 2609 776 2667 mollibus
805 2609 878 2668 cibis
910 2629 979 2669 eum
1006 2608 1183 2685 temperabis.

185 2698 276 2756 tertia
299 2697 346 2756 die
374 2697 548 2775 sanguinem
575 2699 604 2756 ei
627 2698 764 2757 detrahes
787 2698 891 2756 dextra
914 2699 1036 2758 sinistra
1058 2699 1094 2756 de
1115 2696 1183 2756 collo

186 2787 266 2861 quod
293 2786 367 2845 satis
396 2787 500 2862 fuerit,
532 2789 622 2863 prout
648 2787 715 2862 ipsa
742 2789 825 2849 aetas
857 2787 996 2846 animalis
1028 2785 1183 2846 dictaverit

174 2879 253 2950 post
277 2876 429 2952 sanguinis
453 2877 667 2934 debaotionem
697 2895 764 2935 eum
790 2876 890 2935 triduo
913 2876 1002 2936 viridi
1030 2877 1094 2936 cibo
1117 2877 1212 2933 tem-o

183 2964 301 3040 perabis
331 2965 477 3024 cauliculo
509 2965 558 3024 vel
589 2965 719 3023 lactuca:
757 2967 903 3040 quantum
935 2965 1009 3025 satis
1041 2968 1102 3041 est,
1136 2979 1182 3038 pro

110 3051 168 3108 250
185 3053 273 3112 modo
297 3053 390 3112 dabis.
426 3056 496 3128 post
517 3054 640 3113 tertium
659 3053 737 3112 diem
761 3053 825 3112 cibo
845 3054 1008 3113 abstinebis
1026 3074 1093 3112 eum
1111 3057 1135 3112 ct
1151 3050 1182 3109 ab

255 3228 271 3274 2
298 3222 500 3290 conquinatum
522 3225 531 3292 ΙΙ
554 3228 569 3276 5
597 3221 753 3276 caecitates
780 3225 790 3290 ll
816 3227 830 3275 7
855 3239 1000 3292 nunquam
1025 3223 1035 3296 ll
1061 3221 1182 3291 9eupple

184 3292 289 3362 digitos
308 3310 326 3346 e
344 3293 451 3348 cervice
472 3294 483 3366 ss
501 3300 534 3348 16
557 3294 653 3349 hoc=
667 3295 783 3364 propter
807 3293 861 3348 hoc
880 3297 889 3364 ΙΙ
913 3301 946 3348 19
972 3293 1161 3364 adfrequentia
1176 3291 1183 3358 l!

184 3369 216 3416 21
236 3364 322 3418 bene:
346 3381 415 3419 corr.
440 3366 468 3418 B
490 3365 505 3487 pl
524 3370 557 3417 23
581 3363 693 3419 adferas
720 3367 729 3434 ΙΙ
757 3370 791 3417 24
819 3365 880 3435 ch.
899 3366 990 3420 ΙΙΙ6
1013 3369 1017 3436 l
1048 3370 1183 3436 aterapen-

183 3436 347 3504 tescetsicll
360 3440 394 3487 25
414 3437 443 3487 et
456 3436 550 3488 de.B
563 3437 572 3504 ΙΙ
586 3441 620 3488 26
636 3437 685 3489 aut
698 3437 707 3504 ΙΙ
721 3441 754 3488 27
769 3436 942 3505 temporabis
956 3439 965 3505 ΙΙ
979 3441 1013 3490 28
1028 3437 1063 3491 de
1077 3433 1183 3492 matrice

188 3504 250 3572 ch.
265 3503 276 3574 ll
289 3510 322 3556 30
341 3504 514 3572 temporabis
532 3505 542 3576 ll
560 3511 592 3558 31
609 3505 747 3574 colliculo,
765 3522 896 3574 superam.
915 3524 968 3562 cau
982 3512 991 3578 fl
1004 3513 1038 3561 32
1053 3511 1083 3562 et
1096 3504 1185 3564 addidi
