2474 3910
198 155 263 219 236
386 152 667 210 MULOMEDIOINA
686 153 1015 222 cflfflonlsuee-eae

198 307 295 364 metas
324 303 516 380 naturaliter,
544 323 620 380 equa
647 323 714 364 cum
741 304 822 364 fecta
844 303 936 362 fuerit
956 321 1090 363 mensum
1106 302 1191 376 ΧΙΠΙ,
1227 316 1228 402 γ

198 395 366 453 naturalem
388 394 596 472 purgationem
619 395 662 452 eis
681 393 852 470 contingere
871 395 901 451 et
919 393 1022 452 stetim
1041 391 1192 452 desiderare
1227 405 1228 454 3

198 483 372 542 mixtionem
394 482 527 542 masculi.
564 500 640 557 quae
662 501 730 541 curn
751 481 886 559 tetigerit
907 482 1081 557 musculum,
1103 481 1193 540 statim

199 574 396 649 praegnantes
418 571 501 629 fiunt.
543 570 681 630 similiter
702 570 792 628 XIIII
813 569 962 631 mensibus
985 571 1081 630 fetum
1098 570 1193 629 fenmt

200 663 230 719 et
252 679 318 720 oum
340 661 475 737 pariunt,
499 659 616 718 dolores
638 659 774 737 ingentes
797 659 953 734 peliuntur
975 678 1069 736 usque
1100 677 1149 733 eo,
1168 660 1223 716 ute

200 750 343 829 clamores
365 749 501 826 ingentes
523 748 645 807 faciant.
682 750 713 807 et
736 766 803 807 cum
825 748 995 823 pepererint
1019 751 1048 806 et
1070 747 1196 820 viderint

203 838 282 914 quod
305 858 341 896 ex
364 838 405 896 eis
428 839 532 896 natum
555 840 613 912 cst,
642 837 750 896 timent
779 839 809 894 et
837 837 965 914 fugiunt
1010 839 1133 913 propter
1151 837 1198 893 hoc
1228 835 1229 902 l

199 927 342 986 induntur
373 926 439 985 loeo
475 925 631 984 tenebroso
664 929 695 984 et
725 925 819 984 fetum
851 944 953 984 eorum
987 925 1095 984 udnbis
1131 925 1197 984 loteo
1228 923 1229 926 ’

202 1018 337 1074 materno
361 1017 393 1073 et
419 1015 461 1072 sie
484 1015 526 1073 eis
549 1014 661 1074 offeres.
707 1033 783 1089 queo
806 1033 873 1072 cum
894 1014 926 1072 id
948 1013 1094 1090 viderint,
1124 1033 1199 1090 appe-

201 1107 272 1162 tunt
292 1107 322 1162 et
350 1106 458 1162 emant.
500 1103 609 1162 dicitur
636 1106 736 1162 autem
759 1105 790 1161 et
810 1104 867 1162 hoe
890 1103 1107 1162 observandum
1133 1119 1226 1162 essem·

129 1190 182 1246 757
205 1190 305 1267 [ΧΙΠ]
324 1191 520 1267 Quaecunque
538 1210 706 1268 praegnans
725 1195 860 1266 est'eque
873 1195 904 1250 et
920 1190 993 1250 uber
1010 1191 1156 1251 dimoerit
1171 1189 1200 1248 ad

204 1281 400 1340 dexteriorem
413 1283 529 1356 partem
539 1277 637 1356 [vidit
646 1280 810 1339 masculum
820 1280 986 1356 parituram
997 1281 1143 1359 intelligo.
1160 1278 1200 1338 scd

202 1373 229 1428 ει·
245 1369 457 1428 sinisteriorem
465 1372 550 1445 parte
559 1368 633 1427 uber
641 1369 796 1460 dimiserit⁸
804 1369 946 1428 feminam
954 1369 1122 1445 perituram
1131 1369 1200 1428 scies.
1229 1379 1230 1386 ³

127 1456 183 1512 758
206 1455 302 1534 [XIV]
327 1457 392 1516 Hoc
415 1461 515 1516 eutem
536 1457 705 1535 intelligere
728 1457 825 1534 debes,
843 1460 878 1518 ut
900 1458 926 1517 si
944 1475 1028 1516 casus
1047 1478 1125 1534 eque
1143 1458 1200 1515 dun

202 1546 344 1622 ambulet,
368 1547 468 1622 aliquo
487 1547 552 1606 loco
572 1564 660 1622 super
676 1546 799 1606 herbam
821 1545 948 1621 mixeiit,
971 1547 1123 1623 oportebit
1144 1561 1225 1605 enno

200 1636 298 1695 locum
321 1635 476 1695 observare
499 1653 592 1710 usque
621 1636 653 1692 in
681 1636 776 1694 eltero
804 1635 860 1693 die.
906 1638 937 1693 et
964 1635 989 1694 si
1012 1636 1126 1694 loteum
1148 1635 1199 1693 eius

201 1725 311 1784 siccum
332 1724 490 1798 invenero,
512 1723 588 1783 scias
611 1743 677 1783 enm
698 1727 913 1801 praegnantem
935 1741 1006 1783 esse.
1051 1744 1123 1784 nem
1144 1741 1200 1782 cum
1230 1763 1231 1804 ,

202 1813 338 1872 abortum
360 1813 446 1889 fecit,
475 1811 518 1870 ibi
548 1809 601 1888 [ei]
630 1806 695 1872 eiua
722 1813 840 1890 signum
868 1811 988 1872 abortus
1012 1831 1049 1872 ee
1072 1812 1199 1889 sporcItie

127 1989 182 2045 759
200 1919 340 2049 mvesspys·
353 1989 440 2064 Eque
462 1989 559 2065 pariet
585 1992 654 2064 post
683 1989 905 2066 conceptionem
934 1991 1003 2065 post
1031 2008 1146 2049 menses
1165 1987 1227 2046 xie

200 2166 250 2228 τῆς
267 2156 340 2212 κατὰ
359 2159 444 2227 φύσιν
463 2157 629 2226 καθάρσεως
646 2159 695 2212 καί
712 2157 878 2227 προςίεσθαι
895 2158 945 2213 τὸν
964 2157 1071 2226 άρρενα
1085 2159 1133 2214 καί
1146 2160 1198 2212 oet
1231 2153 1232 2202 l

201 2227 355 2299 λαμβάνειν
377 2231 426 2284 καί
448 2237 602 2299 κυοφορεϊν
624 2229 674 2284 τὸν
698 2227 759 2284 ίσον
777 2238 839 2292 ταῖς
857 2228 952 2292 ἄλλαις
970 2227 1074 2300 χρόνον
1093 2230 1140 2285 καί
1157 2231 1199 2293 ζο-

203 2308 321 2369 ογονεϊν.
357 2297 505 2356 τίκτουσαν
531 2298 563 2354 ot
587 2298 693 2362 πόνους
719 2298 792 2370 ἔχειν
818 2299 966 2369 μεγάλους,
992 2299 1060 2354 ὥστε
1086 2283 1200 2369 κραυγίιε

201 2372 346 2426 ἀποτελεῖν
364 2373 414 2426 καὶ
431 2371 556 2442 μυγμούς
574 2372 707 2441 (νυγμούς
723 2373 815 2439 βαιά).
843 2370 968 2439 κυήσασα
988 2369 1019 2425 δὲ
1038 2373 1088 2426 καί
1105 2375 1199 2426 θεασα·

202 2440 270 2512 μίνη
293 2443 342 2498 τὸν
366 2443 483 2512 νεογνὸν
507 2443 604 2512 φεύγει
627 2439 677 2496 ἀπ’
699 2443 786 2497 αύτού
809 2443 859 2497 καλ
882 2443 1011 2514 φοβεῖται
1034 2445 1198 2510 προςελθεῑκ.

202 2511 392 2583 συγκλείουσιν
420 2509 471 2568 ούν
498 2513 587 2582 cccclv
613 2512 653 2576 είς
676 2532 704 2568 τι
728 2511 909 2582 περίφραγμα
932 2514 982 2568 καί
1004 2511 1199 2583 προσφέρουσιν

201 2584 270 2639 αύτὸ
293 2582 501 2652 καθαρίσαντες
523 2584 573 2639 καί
596 2580 655 2638 εὖθ’
677 2582 764 2647 ούτοις
785 2581 917 2638 πείθεται
939 2585 1082 2639 τιτθεύειν
1100 2584 1146 2639 καί
1161 2600 1198 2636 τε·

201 2659 302 2710 λειούν.
339 2653 447 2725 λέγεται
464 2654 496 2710 δὲ
514 2656 563 2710 καί
580 2663 662 2709 τούτο
680 2658 929 2725 παρατετηρῆσθαι
943 2656 1053 2723 αύτοῑς,
1067 2653 1133 2710 ὅταν
1146 2653 1198 2707 ἐπι-

200 2724 263 2798 τέξη
286 2726 304 2796 ἡ
329 2725 414 2789 ἵππος
436 2726 486 2781 καί
508 2725 538 2780 τὸ
563 2722 656 2794 ούθαρ
679 2725 840 2798 προγαλάση
864 2728 968 2794 μᾶλλον
992 2726 1022 2781 ἐκ
1046 2735 1096 2780 τοῦ
1114 2725 1197 2790 δεξιοῦ

201 2795 302 2867 μέρους
319 2799 368 2852 καί
386 2797 438 2866 τὴν
456 2797 559 2867 θήλην,
577 2796 662 2865 ἄρρεν
681 2799 752 2868 αὐτῇ
770 2795 912 2867 γίνεσθαι·
935 2795 986 2851 ἐὰν
1005 2795 1037 2852 δὲ
1055 2798 1087 2852 τὸ
1106 2797 1197 2851 εύύνυ·

201 2889 264 2937 μον,
286 2871 361 2938 θῆλυ
384 2867 523 2938 γίνεσθαι.
561 2865 713 2939 ὀγευομίνη
737 2866 769 2924 ct
794 2867 809 2937 ἡ
833 2866 919 2931 ἵππος
941 2865 1010 2922 ὅταν
1033 2867 1135 2939 ούρήση
1157 2865 1197 2920 ἐπὶ

201 2937 323 3012 βοτάνης
347 2939 435 3008 τινός,
460 2947 652 3009 παρατηροῦσι
675 2939 725 2995 τὸν
751 2939 839 2994 τύπον
865 2939 1073 3009 σημειούμενοι,
1101 2938 1146 2994 καί
1167 2943 1197 3005 τῇ

202 3010 338 3078 ἐπαύριον
361 3009 412 3066 ἐὰν
431 3008 547 3078 εὕρωσιν
571 3008 763 3080 ἐξηραμμένην
787 3009 896 3080 (εύριοσι
914 3007 1123 3080 κεζηραμμίνην
1138 3006 1197 3072 σού.)

200 3081 252 3151 τὴν
278 3080 410 3153 βοτάνην,
436 3078 633 3151 συνειληφέναι
658 3079 785 3151 λέγουσιν
810 3081 907 3150 αύτήν.
945 3079 1013 3136 ὅταν
1038 3079 1071 3136 tl
1096 3077 1196 3152 γίνηται

201 3154 376 3222 ὠμοτοκήσαι
400 3153 583 3222 (ὠμοτεκῆσαι
605 3154 673 3222 eod.)
696 3152 748 3221 τὴν
770 3151 858 3207 ίππον
881 3153 929 3206 καί
948 3151 1093 3220 ἐκτρῶσαι,
1110 3149 1196 3223 γαίτην

202 3223 272 3294 ἔχων
291 3225 335 3291 (ec.
356 3223 370 3278 ύ
389 3223 482 3292 τύπος)
504 3225 536 3279 ού
556 3219 657 3298 §pictor
675 3222 847 3293 περιγίνεται
860 3225 898 3293 113
918 3223 994 3292 quill
1018 3228 1034 3276 6
1054 3221 1174 3294 peperint

202 3300 233 3348 11
260 3295 444 3362 quodcunque
475 3297 485 3364 ΙΙ
517 3301 549 3348 12
576 3294 741 3349 exteriorem
772 3297 781 3365 ΙΙ
814 3301 847 3348 13
870 3293 894 3348 ei
921 3295 1021 3348 addidi
1052 3297 1062 3363 11
1093 3298 1125 3346 18
1150 3292 1174 3345 et
1187 3287 1196 3358 ΙΙ

201 3370 236 3418 20
254 3365 329 3418 Mill.
345 3383 375 3433 p.
395 3364 518 3435 93γκθ’
538 3363 624 3428 ἵππος
645 3364 730 3420 τίκτει
752 3366 810 3421 ἀπὸ
831 3373 881 3436 τῆς
906 3363 1064 3435 συλλήψεως
1088 3363 1119 3419 ἐν
1141 3359 1194 3432 μησί

202 3434 247 3487 ια’
267 3433 300 3502 (ι’
320 3437 388 3502 eod.)
408 3436 456 3488 καί
474 3432 590 3504 ἡμέραις
607 3436 638 3491 ι’,
676 3435 727 3491 ἐύιν
746 3433 778 3490 θί
795 3454 862 3491 ποτε
885 3437 974 3508 σνμβγ
993 3434 1091 3507 τάχιον
1108 3441 1194 3504 κυῆσαι

202 3511 292 3572 μῆνας
316 3503 425 3574 ἔχουσιν
447 3503 481 3559 θ’
506 3507 555 3560 καί
576 3505 681 3576 ἡμέρας
703 3507 741 3576 κ’,
763 3504 951 3578 ἀνατρέφεται
972 3507 1006 3561 τὸ
1027 3515 1136 3562 τοιοῦτο
1156 3503 1194 3558 καί
