2512 3906
593 1 596 4 ’
634 23 898 86 uuiversum(

269 185 552 241 nonounnicmr
571 1 866 260 ORQEQJ?
1029 186 1051 250 5

67 336 129 394 omni
150 338 296 412 tempore,
324 337 376 395 sed
397 356 452 395 nec
474 336 607 396 omnibus
635 336 788 413 sanguinis
816 335 961 395 detractio
988 335 1053 394 fieri

65 425 235 500 praecipitur.
281 425 364 484 cuius
388 444 459 503 ergo
482 427 584 484 tamen
610 425 758 484 rationem
788 424 924 500 protinus
953 425 1053 484 reddo.

115 513 236 590 primum
267 515 302 574 de
326 515 469 592 sanguine
499 514 649 573 reddenda
677 515 722 573 est
748 513 837 572 ratio.
880 512 1089 590 quocunqued

63 602 218 678 incorpore
237 623 292 679 per
308 603 408 680 ipsum
429 603 494 662 vita
517 605 644 678 constat,
665 621 767 661 rursus
786 602 936 661 detractus
953 621 971 661 a
990 622 1053 662 eor-

44 708 118 765 spcre
134 692 293 751 sanitatem
315 694 456 768 praestet.
493 712 529 751 ex
555 711 729 767 quacunque
755 690 834 750 enim
863 709 953 750 causa
978 692 1054 750 vali-

62 780 120 838 tudo
142 785 192 856 est,
215 782 247 839 in
271 781 405 857 aliquam
427 783 544 857 partem
567 781 700 857 eorporis
723 799 799 856 quae
817 779 956 856 pertinet,
979 798 1054 838 sem-

61 887 103 942 per
126 869 322 947 indigestione
351 870 499 947 fatn'gatus
522 870 643 947 sanguis
673 869 887 946 corrumpitur,
915 868 1056 927 discurrit

62 959 222 1031 peremnia
249 958 382 1018 membra
411 960 442 1017 et
468 959 562 1018 totius
589 959 721 1034 corporis
748 958 924 1036 languorem
954 957 1053 1015 infert.

62 1065 201 1122 perquem
218 1047 343 1123 incipiet
357 1047 497 1107 strictius
520 1050 551 1106 et
568 1048 664 1107 tensio
683 1047 774 1124 nasci,
797 1067 850 1123 per
868 1045 1053 1105 inflationem

35 1151 193 1194 rotenorum.
239 1155 313 1212 quae
336 1137 476 1196 strictura
499 1138 530 1194 et
552 1137 647 1196 tensio
669 1132 673 1216 t
693 1136 825 1212 corporis
848 1136 937 1194 aliter
956 1135 1053 1194 laxari
1082 1135 1191 1195 104'e

62 1242 109 1281 ron
128 1228 235 1300 potest,
257 1225 316 1284 nisi
338 1246 392 1301 per
415 1224 568 1302 sanguinis
596 1225 818 1286 detractionem.
868 1224 951 1282 aliud
976 1225 1056 1282 enim

63 1313 251 1389 compendium
269 1315 386 1373 nullum
404 1317 449 1374 est
466 1314 525 1373 nisi
543 1314 696 1392 sanguinis
716 1314 870 1392 detractiO,
893 1333 946 1389 per
965 1332 1055 1389 quam

61 1401 181 1461 universa
199 1403 332 1478 corporis
349 1403 426 1462 vitia
444 1405 475 1461 et
492 1403 588 1462 morbi
607 1403 740 1462 abstrahi
758 1404 890 1479 possunt.
928 1403 1054 1478 ideoque
1072 1402 1093 1458 5

62 1491 226 1566 praecipitur
257 1494 381 1568 propter
403 1511 532 1551 errorem
562 1491 688 1551 alicuius
719 1491 866 1568 passionis
896 1491 1057 1550 herbarum

36 1591 53 1630 1⁵
63 1579 176 1655 tempore
205 1581 366 1656 quodquod
396 1580 481 1639 annis
509 1581 544 1639 de
572 1581 685 1640 cervice
716 1581 849 1639 iumento
881 1580 1056 1657 sanguinem

64 1665 199 1734 detrahere
230 1669 348 1745 debere,
379 1671 409 1728 et
432 1669 527 1728 sicin
550 1669 673 1728 herbam
701 1670 834 1744 mittere,
864 1688 900 1726 ne
927 1669 1055 1744 coritae,

64 1758 167 1834 sanguis
203 1758 386 1818 detractione
417 1758 528 1817 mixtus
565 1761 704 1834 conupto
742 1779 777 1817 ex
807 1757 909 1833 aliqua
944 1757 1055 1816 valitu-

63 1842 130 1921 dine,
159 1847 275 1906 fervore
305 1865 359 1906 suo
388 1866 593 1923 quemcunque
622 1849 740 1923 partem
767 1846 898 1922 corporis
930 1845 1055 1904 interius

63 1937 183 1994 vernum
206 1936 313 1995 solvat
359 1936 551 1996 nuncetiam
578 1938 764 2014 negaverunt
790 1935 923 1994 iumenta
950 1934 1055 1993 debere

36 2020 158 2097 edeplen·
180 2043 369 2084 consuescere
392 2027 507 2084 veteres
533 2022 694 2102 [auctores]
721 2027 856 2084 auctores
879 2024 989 2099 nostri,
1019 2041 1056 2083 ne

63 2113 226 2173 consuetudo
252 2113 391 2189 deplendi
418 2114 553 2173 omnibus
583 2114 669 2172 annis
698 2113 759 2172 fiat.
811 2113 947 2188 quotiens
976 2111 1094 2171 enimd

62 2197 86 2254 in
112 2203 318 2262 consuetudine
348 2202 449 2278 aliquo
480 2205 613 2278 tempore
648 2203 793 2262 detractio
823 2201 976 2279 sanguinis
1006 2202 1055 2260 de-

63 2288 144 2348 tracta
165 2311 225 2350 non
248 2291 348 2368 fuerit,
373 2291 476 2350 statim
498 2291 680 2350 valitudines
703 2293 734 2350 et
755 2291 874 2350 morbos
893 2289 974 2349 intra
993 2309 1056 2350 cor-

62 2379 196 2448 porafieri
210 2380 357 2438 dixerunt.
389 2381 467 2438 hanc
485 2400 555 2458 ergo
579 2380 822 2439 consuetudinem
844 2398 904 2438 non
926 2379 1055 2438 faciendi

36 2469 127 2525 urente
149 2468 370 2528 observabimus
394 2471 424 2527 et
443 2469 520 2528 circa
538 2469 666 2528 maiores
685 2471 799 2528 aetates
818 2487 933 2544 semper
949 2469 1056 2527 facere.

138 2576 339 2634 quemcunque
358 2560 460 2616 tamen
479 2557 592 2633 depleri
611 2560 757 2636 oporteat,
780 2557 821 2617 sic
840 2556 1057 2616 observandum

63 2643 116 2718 crit,
137 2649 170 2704 ut
190 2649 270 2706 recte
293 2646 355 2704 fiat
402 2646 568 2722 antepridie
591 2645 790 2723 disponendus
814 2645 879 2720 erit,
901 2646 935 2702 ut
958 2644 1057 2702 minus

63 2729 168 2810 cibetur,
189 2738 224 2794 ut
247 2735 344 2811 possit
366 2755 420 2811 per
442 2735 613 2794 diastimam
640 2735 816 2811 compositio
844 2733 961 2810 corpori
984 2750 1056 2807 esse,

63 2837 111 2876 non
130 2823 297 2882 turbolento
327 2844 381 2899 per
409 2823 646 2901 indigestionem.
693 2826 806 2884 statues
834 2822 1001 2881 iumentum
1023 2821 1056 2882 in

63 2952 258 2970 5——

122 3049 134 3096 1
152 3044 324 3099 hominibus:
339 3062 407 3100 corr.
423 3045 615 3170 menatem
635 3047 644 3116 ss
665 3052 680 3100 2
699 3048 807 3101 temen:
827 3044 886 3099 iam
899 3043 1034 3099 Bdcbeler
1052 3042 1059 3188 Ι

65 3112 271 3184 tquodcunque
298 3118 307 3186 ΙΙ
339 3118 419 3170 test
498 3117 540 3170 idi
565 3119 576 3186 ΙΙ
604 3123 618 3170 7
648 3116 771 3171 decurrit
794 3118 804 3187 ΙΙ
836 3121 852 3170 8
879 3114 1025 3186 leguorem

66 3183 92 3232 10
110 3201 161 3252 qua
185 3189 195 3257 ρ
222 3192 256 3241 15
279 3186 431 3256 quodquod
454 3187 547 3243 annis:
567 3187 718 3257 quotannis
741 3189 803 3258 ch.
831 3189 841 3258 ΙΙ
868 3185 962 3259 rasi:
986 3203 1054 3242 corr.

69 3248 118 3322 ch.
142 3257 152 3325 11
177 3263 209 3311 17
229 3256 442 3313 detractationi:
466 3258 582 3328 sanguis
600 3259 786 3314 nominativus
809 3265 859 3314 out
876 3259 1056 3328 explicatione

68 3329 105 3376 cut
128 3327 260 3383 absolutus
282 3329 310 3382 B
326 3329 330 3400 t
347 3328 479 3384 emixtns:
502 3329 593 3385 veteri
616 3330 801 3400 corruptoque
826 3329 941 3400 sanguis
966 3345 1056 3384 novus

69 3391 187 3452 amnne
209 3401 271 3470 Veg.
285 3402 295 3469 ΙΙ
310 3405 342 3453 19
361 3399 428 3454 hinc
447 3400 534 3454 etiam
556 3400 595 3455 W
609 3402 618 3470 ΙΙ
641 3405 675 3454 20
697 3415 750 3453 nec
769 3402 778 3470 ΙΙ
797 3405 830 3454 26
850 3415 1055 3470 quemcunque:

71 3475 97 3515 δῦ.
112 3480 209 3595 eqquqq
223 3473 233 3540 ΙΙ
253 3476 287 3524 28
306 3469 460 3542 composito
483 3487 597 3541 corpore
620 3471 682 3542 Veg.
703 3472 713 3540 ΙΙ
733 3476 813 3540 29ερ.
833 3468 863 3524 in
882 3471 941 3526 solo
961 3473 1057 3525 autem

72 3545 163 3602 sequar
206 3559 244 3612 ep.
