2470 3902
192 178 255 242 156
377 174 660 230 MULOMEDICINA
680 173 849 230 CHIRONIS
869 179 1009 228 473-474

191 328 269 404 gida.
315 327 506 402 postmodum
534 327 719 386 anacollema
743 345 764 386 s.
789 345 810 385 s
840 327 872 384 in
902 327 999 402 capite
1029 328 1059 383 et
1084 328 1178 400 tempo·
1219 381 1220 396 1

190 416 272 475 ribus
296 416 428 474 oblinies.
475 435 581 474 sanum
602 416 662 474 fiet.

115 503 172 561 478
259 505 388 563 XXVIII
419 505 463 562 De
494 508 621 564 tremore
653 506 829 564 lumborum.
876 505 901 563 si
929 504 1008 580 quod
1035 504 1178 562 iumentum
1220 581 1221 584 1

192 597 351 653 tremorem
380 594 519 652 habuerit
549 614 584 652 ex
617 613 758 669 percussu
787 596 841 652 aut
871 593 974 652 morbo
1004 593 1114 652 factum
1138 595 1179 649 aut

191 683 310 743 bestioli
345 683 473 742 alicuius
507 701 661 758 percussa,
694 684 736 742 sic
766 703 833 741 eum
860 682 986 742 curabis.
1038 681 1205 741 cucumeris⁵

192 772 332 832 silvestris
361 771 492 830 radicem
521 772 553 829 in
583 791 695 847 aquam
728 773 876 830 marinam
905 771 1051 846 decoques
1081 774 1130 828 aut
1154 790 1179 827 ex

192 880 271 936 aqua
294 881 329 920 ex
352 861 430 934 sale,
454 880 489 918 cx
512 879 591 936 aqua
614 861 712 920 calida
735 861 856 938 spongis
879 860 1072 935 fomentabis,
1094 859 1180 917 deinde

191 950 284 1009 uteris
307 951 365 1025 ipsi
388 949 515 1008 uncticio
538 952 569 1007 et
597 950 662 1008 oleo
687 953 717 1008 et
746 950 833 1024 adipe
864 950 998 1023 taurino,
1024 952 1056 1006 et
1085 969 1117 1007 ex
1137 966 1180 1006 ovo

192 1039 261 1098 albo
284 1039 382 1115 ipsum
405 1038 510 1096 fundes
534 1041 564 1096 et
586 1039 618 1096 in
640 1057 699 1097 uno
724 1039 893 1098 commisces
914 1041 998 1096 etex
1018 1057 1051 1096 eo
1076 1038 1180 1097 oblinies

191 1146 318 1187 oausam.
365 1127 445 1202 quod
463 1127 488 1184 si
508 1128 534 1185 ei
557 1127 633 1186 vitia
656 1148 692 1186 ex
714 1129 776 1186 aha
798 1146 888 1186 causa
908 1127 1096 1202 intumuerit,
1117 1125 1180 1202 quod
1190 1133 1204 1172 1⁰

190 1237 250 1276 non
273 1217 313 1275 sit
331 1236 366 1274 ex
384 1235 563 1291 percussum,
587 1217 611 1274 si
635 1216 883 1291 quemadmodum
906 1235 959 1274 nos
981 1217 1131 1290 nescimus,
1150 1214 1181 1272 sic

190 1305 291 1365 uteris.
336 1305 382 1364 bis
411 1305 443 1361 in
472 1304 519 1363 die
548 1305 730 1364 fumentabis
759 1306 845 1381 aquis
874 1305 994 1379 calidis,
1028 1305 1061 1362 in
1090 1322 1181 1380 aquam

191 1394 267 1452 nihil
290 1393 399 1452 adicies
422 1396 453 1451 et
476 1393 600 1452 oblinies
624 1397 752 1453 erectam
771 1440 777 1452 .
799 1439 831 1455 ..
856 1394 907 1469 qui
929 1394 1034 1452 mollia
1058 1414 1093 1452 ex
1114 1395 1181 1452 aceto

116 1505 117 1510 ¹
191 1485 342 1541 macerata
378 1485 409 1540 et
441 1481 635 1560 absinthium,
672 1483 777 1542 viridis
808 1483 938 1542 radicem
970 1485 1062 1558 atque
1095 1483 1132 1541 eis
1158 1481 1181 1537 in
1218 1531 1219 1534 ,

115 1587 120 1602 ’
190 1572 343 1647 potionem
356 1571 457 1630 uteris
494 1571 569 1630 nihil
588 1575 688 1631 autem
707 1572 812 1630 melius
830 1572 905 1631 fecit
926 1590 1016 1647 quam
1034 1571 1180 1647 primitium
1191 1577 1205 1617 1⁵

192 1681 227 1719 ex
250 1679 330 1736 aqua
352 1663 544 1718 maceratum.
580 1663 730 1720 veretrum
752 1663 795 1720 eis
813 1661 974 1720 oblinieris
1008 1678 1076 1718 cum
1098 1663 1181 1718 autem

191 1750 276 1809 testis
295 1749 498 1825 proceciderit,
522 1749 573 1824 qui
591 1769 651 1809 non
670 1751 765 1825 possit
782 1750 847 1809 loco
862 1749 981 1825 reverti,
1004 1749 1067 1808 exit
1084 1749 1181 1808 vilium.

115 1835 174 1891 474
193 1839 314 1915 quidam
338 1838 531 1898 excidendum
554 1858 622 1898 eum
645 1839 748 1898 dicunt
771 1857 841 1913 esse,
865 1841 918 1897 aut
940 1839 972 1896 in
994 1838 1115 1896 flumine
1131 1855 1181 1895 eun

193 1928 304 1986 ducunt
327 1928 495 1986 fumenbari.
542 1928 595 1985 alii
619 1927 738 2002 quidem
760 1928 864 1986 dicunt
890 1927 922 1986 in
951 1945 1034 1985 marc
1063 1947 1127 1986 eum
1145 1925 1182 1982 de·

192 2035 302 2091 ponere
325 2017 461 2091 oportere
481 2019 511 2074 et
529 2015 656 2093 religare
680 2035 781 2075 susum
803 2035 913 2075 versas.
951 2036 986 2074 en
1005 2020 1106 2075 ceroto
1120 2021 1208 2074 com-2l

192 2105 328 2163 miscebis
352 2104 439 2179 adipe
467 2105 587 2164 suillum
620 2107 650 2164 et
681 2105 805 2164 nitrium
838 2106 999 2179 rninutum,
1034 2107 1065 2163 et
1095 2105 1182 2163 testem

192 2193 339 2252 reducere.
381 2196 451 2251 ante
474 2196 575 2252 tamen
597 2195 778 2252 fumentabis
802 2214 837 2252 ex
860 2213 939 2269 aqua
961 2194 1086 2270 frigida,
1107 2209 1182 2267 usque

194 2301 252 2357 quo
275 2281 369 2340 faciat
391 2282 487 2340 redire
510 2283 572 2343 illo.
605 2303 672 2343 cum
690 2283 796 2342 melius
815 2286 916 2342 autem
933 2283 1034 2357 fuerit,
1058 2281 1182 2352 siluerit

193 2389 272 2447 aqua
295 2371 424 2445 marina,
452 2370 477 2430 si
506 2372 612 2450 minus,
641 2372 673 2429 in
705 2391 813 2448 aquam
844 2372 936 2431 salem
964 2371 1082 2430 adicies.
1125 2368 1183 2428 facit

194 2463 293 2519 autem
317 2463 348 2518 et
369 2461 432 2520 hoo.
471 2461 579 2520 stantis
602 2461 670 2536 equi
693 2461 724 2518 in
747 2461 813 2537 ipso
833 2462 870 2520 ad
889 2462 1054 2519 extremum
1077 2460 1136 2519 cole
1151 2458 1208 2514 iac

193 2550 293 2608 culum
315 2550 502 2627 interpunge,
520 2569 574 2624 per
595 2550 694 2625 ipsum
717 2553 880 2608 extremum
903 2549 1031 2607 folliculi
1050 2550 1092 2608 eis
1109 2549 1182 2606 testes

192 2639 302 2716 tangis,
324 2638 429 2697 deinde
453 2641 570 2696 acetum
591 2639 768 2697 acerrimum
785 2639 817 2697 in
839 2638 913 2714 ipsis
930 2639 1051 2714 punctis
1069 2634 1183 2713 aspergis

193 2730 224 2785 et
238 2728 280 2786 sic
294 2747 361 2785 eum
379 2727 558 2786 testiculum*
570 2745 670 2786 susum
683 2725 845 2803 [in]versus
859 2728 891 2785 in
904 2727 969 2786 loco
985 2727 1116 2785 naturali
1127 2741 1180 2800 pro·

192 2817 294 2891 pelles.
322 2817 401 2874 idem
418 2816 500 2891 facit,
520 2816 544 2874 si
563 2816 740 2874 confricabis
754 2819 784 2874 et
801 2816 978 2891 imposueris
996 2835 1101 2892 aquae.
1125 2816 1150 2871 et
1163 2809 1181 2867 si

192 2905 291 2980 ipsum
314 2905 408 2963 colum
431 2925 466 2962 ex
489 2923 575 2964 acum
596 2905 746 2983 punxeris
769 2905 921 2964 reducebis
945 2923 1012 2963 eum
1035 2905 1068 2963 in
1090 2905 1153 2963 loco.
1192 2905 1210 2943 ³⁴

266 3187 278 3234 1
302 3198 384 3235 mane
403 3180 464 3236 cole
486 3197 533 3234 ma
558 3181 561 3253 1
588 3180 757 3250 timporibus
782 3183 791 3251 11
816 3181 929 3234 lfactu
956 3183 965 3250 11
993 3186 1164 3251 opercussus
1176 3173 1184 3244 11

194 3252 318 3306 6siluris
332 3253 372 3307 ec'c
384 3255 393 3322 11
412 3251 562 3306 8untictio
585 3255 594 3322 11
619 3259 650 3305 11
665 3251 791 3307 uscinus:
810 3267 877 3306 corr.
898 3252 925 3304 B
948 3255 957 3320 11
981 3257 1014 3304 13
1033 3253 1148 3306 erectam
1159 3270 1183 3292 =

192 3327 333 3377 veretrum
365 3325 487 3376 erectum
519 3326 528 3392 11
561 3329 594 3376 1o
627 3339 691 3377 eum
720 3327 729 3392 11
760 3328 795 3376 20
827 3339 919 3377 verres
949 3324 958 3392 11
987 3328 1021 3376 23
1051 3322 1099 3376 illo
1124 3335 1182 3374 cun:

194 3392 338 3447 inlocum
361 3393 389 3445 B
420 3397 430 3462 1
461 3399 495 3447 25
524 3393 611 3447 stanti
639 3410 668 3447 se
700 3394 703 3466 1
734 3393 930 3448 colciaculum:
954 3393 1015 3448 cole
1033 3421 1068 3440 =
1086 3393 1183 3447 veretro:

194 3463 319 3517 ooleum?
338 3462 511 3517 folliculum?
525 3467 534 3533 11
557 3470 590 3517 27
610 3465 805 3518 macerrimum
822 3469 831 3534 l
854 3471 888 3518 29
902 3464 1069 3534 imposuerit
1089 3468 1098 3535 l
1119 3467 1147 3516 28
1161 3458 1183 3511 in

194 3533 245 3586 del.
265 3532 293 3584 B
307 3539 315 3599 11
329 3537 364 3584 30
382 3533 488 3585 mulum
505 3536 508 3602 1
524 3535 636 3601 puxeris
