2470 3902
187 164 250 229 132
372 161 653 217 MULOMEDIOINA
670 160 839 217 curiacius
857 165 998 215 ear-eae

184 319 289 391 patum
320 313 424 390 fuerit,
461 313 503 372 sic
533 313 691 390 cognoscis.
752 313 829 372 oculi
867 312 942 371 fiunt
977 313 1039 370 eius
1071 310 1181 386 pallidi¹

185 403 385 480 splendenteS‚
409 404 439 460 et
461 402 610 460 auriculae
634 401 742 459 sudant
765 405 795 459 et
822 401 969 476 scapulae,
992 403 1023 458 et
1045 418 1076 458 os
1095 398 1183 457 habet

185 493 314 551 calidum
333 494 364 550 et
382 491 434 549 sub
458 491 561 568 lingua
584 491 721 549 humores
739 489 860 549 eitiunt
882 489 990 565 pallidi
1008 492 1038 547 et
1056 488 1133 562 mali,
1157 490 1184 544 et

187 582 322 657 quotiens
341 580 468 639 excutiet
487 597 526 657 se,
549 580 685 654 suspirat.
723 577 884 654 aliquando
904 579 1023 655 quidem
1046 597 1064 636 a
1086 577 1184 655 gennis

186 669 397 742 subclaudicat,
417 687 492 744 quae
511 671 541 726 et
559 671 676 726 tument
690 668 740 727 eis.
780 671 810 726 et
828 685 895 726 cum
912 666 1056 742 recubuit,
1079 666 1185 726 excutit
1198 683 1215 742 Ιι

186 779 215 818 se
239 760 270 816 et
292 758 430 833 suspirat
467 757 514 815 cui
533 758 712 816 succurritur
734 757 776 815 sie
792 776 846 832 per
871 757 1061 814 suffusionem
1082 773 1185 830 pascae

186 846 223 905 ab
256 846 429 923 aequalibus
460 845 595 921 partibus
627 863 706 920 aqua
728 848 758 903 et
786 849 868 904 aceto
901 849 1045 920 tanquam
1078 844 1187 903 cotulas

186 935 308 994 duabus.
353 953 408 993 nos
432 938 532 993 autem
555 935 606 1009 qui
629 935 675 992 usi
698 952 798 993 sumus
821 935 971 992 cuminum
994 936 1025 991 et
1047 933 1187 1007 thumum

187 1044 262 1100 quae
286 1026 432 1099 conteres,
459 1026 490 1082 et
511 1025 580 1083 vino
608 1025 639 1080 et
660 1023 747 1080 melle
770 1025 801 1080 et
824 1022 889 1082 oleo
912 1025 943 1080 et
965 1040 1044 1098 aqua
1068 1022 1188 1100 singulis

187 1113 294 1172 cotulis
316 1113 475 1171 commixta
503 1110 651 1170 suffimdes
680 1131 734 1186 per
764 1129 804 1170 os,
840 1115 870 1170 ct
899 1111 1075 1188 sanguinem
1098 1111 1188 1168 mittis
1200 1129 1217 1166 u

187 1203 222 1261 de
245 1202 329 1260 venis
350 1201 518 1277 mosaicis,
550 1219 625 1275 quoe
649 1203 718 1258 sunt
740 1201 818 1259 circa
848 1200 967 1278 vitales,
999 1217 1077 1274 quae
1100 1201 1188 1258 latine

188 1290 349 1350 claviculae
373 1290 570 1365 appellantur.
618 1288 739 1364 quidam
761 1289 865 1347 dicunt
887 1291 1023 1365 oportere
1045 1289 1190 1366 fumigare

188 1399 254 1439 cum
282 1379 414 1454 lavacro,
447 1379 488 1436 ali
521 1378 637 1453 quidem
668 1377 705 1435 ab
737 1379 805 1454 igne
839 1381 869 1436 et
895 1377 1062 1454 gestatione
1091 1380 1140 1436 uti
1166 1384 1190 1434 et

187 1467 390 1544 fumigatione.

110 1557 167 1614 427
253 1556 300 1614 ΙΠ
330 1555 362 1614 si
392 1555 471 1632 quod
496 1557 661 1613 iumentum
692 1555 790 1614 colera
818 1553 941 1612 humida
969 1554 1125 1630 habuerit,
1157 1557 1220 1612 sicu

188 1645 366 1722 cognoscito.
424 1645 456 1702 in
496 1643 598 1719 equale
639 1645 826 1719 praesepium
867 1646 985 1719 pectore
1029 1644 1132 1702 nudet
1168 1648 1192 1701 et

188 1734 325 1793 calcitrat
348 1737 378 1792 et
400 1751 505 1808 corpus
529 1733 591 1791 eius
613 1733 765 1792 horrescit.
801 1733 826 1792 si
849 1735 949 1790 autem
966 1731 1072 1790 viridis
1096 1733 1193 1804 fuerit,

187 1824 236 1882 hic
258 1822 377 1881 morbus
400 1822 478 1881 solet
499 1821 563 1879 fieri
587 1841 621 1879 ex
645 1840 738 1896 aquae
762 1823 926 1879 mutatione
950 1823 1003 1878 aut
1026 1841 1061 1878 ex
1085 1822 1193 1880 hordeo

189 1930 274 1971 novo.
317 1912 379 1969 sive
402 1911 515 1970 calidus
538 1910 573 1967 de
596 1911 701 1968 itinere
724 1911 840 1968 venerit
862 1913 892 1968 et
913 1909 1054 1986 frigidam
1079 1909 1194 1986 biberit

188 2000 237 2059 hic
260 1999 379 2058 morbus
402 2000 444 2058 sic
467 1999 592 2074 accedit,
622 2001 652 2056 et
678 1999 710 2056 in
732 1999 941 2076 fatigationem
963 2001 994 2056 et
1016 1998 1223 2058 solutionem»

189 2088 302 2146 ventris
339 2107 457 2146 currens
495 2089 638 2164 aegrotat.
694 2088 736 2146 sic
772 2087 896 2147 curabis.
951 2087 1125 2146 advenienti
1164 2089 1194 2145 de

188 2177 294 2234 itinere
324 2175 408 2234 dabis
437 2177 567 2234 medium
596 2177 681 2251 panis
712 2177 830 2234 candidi
860 2177 992 2251 empticii
1019 2176 1051 2232 in
1075 2196 1196 2252 poscam

189 2265 359 2341 puleiatam.
409 2268 478 2323 ante
508 2267 535 2323 ei
564 2265 671 2323 faciem
705 2266 767 2323 eius
796 2265 958 2339 plurimum
987 2265 1140 2324 fomentas
1170 2271 1196 2323 ct

114 2353 171 2410 428
191 2357 276 2412 terno
308 2354 355 2411 die
387 2353 556 2428 potionabis
580 2398 709 2412 .....
754 2355 786 2410 in
822 2372 880 2429 quo
919 2353 1064 2412 admisces
1097 2355 1197 2412 defi-iti

189 2444 283 2502 eiatos
312 2442 374 2518 111,
404 2445 433 2500 et
456 2443 520 2502 oleo
544 2444 643 2501 rosato
666 2442 857 2518 tantundem,
888 2445 918 2500 et
947 2460 1005 2501 ova
1034 2443 1125 2500 ΠΠ(π
1149 2444 1225 2502 ada

189 2533 301 2591 misces.
324 2530 532 2590 medicamenti
546 2530 685 2591 cocliaria
702 2532 761 2588 tria
780 2551 815 2588 ex
831 2531 896 2610 hoc,
915 2531 994 2606 quod
1011 2531 1095 2590 inira
1109 2536 1197 2606 scrip

140 2699 141 2703 =
190 2662 278 2720 ἐνίοτε
298 2662 328 2718 δὲ
345 2664 395 2718 ταὶ
413 2661 542 2734 χωλαίνει
555 2663 618 2718 τινὰ
631 2673 686 2719 τῶν
700 2668 803 2719 σκελῶν
816 2664 866 2718 καὶ
884 2664 1015 2719 οἰδοῦντα
1037 2662 1104 2734 ἔχει,
1122 2667 1200 2732 οὔρεϊ

190 2733 221 2790 δὲ
241 2735 330 2806 ὠχρὸν
348 2736 397 2790 καὶ
414 2735 545 2804 χολῶδες,
564 2737 743 2798 κατακλιθεὶς
761 2732 792 2789 di
810 2737 859 2790 ιαλ
878 2733 1001 2797 ἐκτείνας
1020 2735 1124 2790 ἑαυτὸν
1142 2735 1198 2789 στέ-

190 2825 234 2862 νει
252 2851 258 2861 .
279 2849 284 2860 ,
305 2849 311 2862 .
332 2805 435 2874 ,ἡμεῖς
463 2803 493 2859 δὲ
518 2803 696 2875 ἐχρησάμεθα
723 2807 772 2861 καὶ
793 2806 902 2868 τούτοις
928 2809 937 2876 11
964 2813 980 2860 3
1003 2805 1085 2876 ligua
1110 2808 1114 2877 Ι
1145 2811 1175 2861 et
1190 2807 1200 2876 ll

190 2883 207 2930 4
226 2877 328 2931 scutiet
340 2879 350 2946 ΙΙ
368 2882 532 2947 dpascuae:
551 2893 618 2931 οοτν.
638 2878 667 2931 Β
684 2879 694 2946 ΙΙ
712 2877 792 2946 8qui
808 2878 859 2932 dcl.
878 2877 975 2946 131111
995 2877 1150 2932 mesoliris:
1170 2878 1198 2931 ἐι

190 2957 245 3003 τῶν
259 2945 430 3017 μεσοιιννίων
442 2949 445 3019 l
458 2964 512 3016 que
524 2949 534 3017 ll
549 2953 582 3000 13
594 2947 702 3015 aliquid
718 2951 722 3018 Ι
738 2945 956 3018 παραγγέλλουσι
969 2944 1002 3001 δέ
1015 2966 1092 3010 τινες
1105 2949 1197 3002 λούειν

191 3017 284 3074 αὐτόν.
319 3018 407 3087 ἕτεροι
427 3015 458 3073 δὲ
477 3017 534 3072 ἀπὸ
550 3027 599 3072 τοῦ
613 3018 701 3087 τορὸς
713 3028 834 3090 χρῶνται
847 3015 915 3092 ἀλέᾳ
928 3019 977 3074 καὶ
990 3027 1117 3074 maeoti:
1137 3020 1198 3074 ohi-

190 3107 242 3145 νοιι
255 3107 317 3160 erpo
332 3089 426 3163 ἕλασία
444 3091 485 3144 cel
503 3088 640 3163 ἀκολασίᾳ
664 3091 696 3144 ia
713 3097 839 3146 contecta
864 3089 966 3146 Graeco
984 3091 1120 3160 lepitana
1137 3108 1198 3145 con-

190 3161 280 3228 fudit5
297 3163 390 3216 micas
404 3161 545 3230 probobde
564 3167 602 3216 eal
621 3178 674 3230 pro
696 3161 854 3230 gestatione
879 3161 1051 3215 scribendam
1068 3178 1124 3216 esse
1144 3161 1198 3215 cal-

191 3231 314 3286 factionc
334 3235 344 3302 l
365 3238 398 3285 16
415 3231 595 3301 congnoscito
618 3233 622 3304 Ι
646 3233 746 3301 aquale
767 3233 811 3302 (ef.
830 3231 921 3300 equile
937 3233 1017 3298 latro
1029 3236 1099 3287 490:
1118 3231 1198 3293 ἑστὼς

191 3302 222 3357 ἐν
240 3311 274 3373 τῇ
294 3301 463 3376 innocencie
481 3303 512 3357 τὸ
531 3307 635 3372 στῆθος
652 3304 722 3372 πρὸς
739 3303 788 3358 τὸν
806 3312 900 3374 τοῖχον
919 3302 992 3356 aasz
1008 3303 1153 3358 Hierocles
1171 3303 1201 3356 Η

191 3377 255 3439 201,
271 3377 309 3428 26
333 3376 337 3443 l
363 3373 473 3428 erudet:
491 3390 559 3428 corr.
578 3375 637 3444 ΒΙΙ
663 3379 695 3428 17
720 3373 831 3428 viridis:
863 3391 898 3428 sc.
926 3373 1014 3427 herba
1041 3377 1051 3443 ΙΙ
1078 3379 1116 3428 24
1139 3381 1200 3444 post

191 3443 352 3512 potionabis
370 3445 490 3512 spatium
507 3461 622 3498 coemam
644 3447 701 3512 fere
717 3452 775 3501 octo
798 3445 895 3500 litterae
916 3445 1056 3512 sufficeres
1076 3445 1200 3514 {defriti

193 3537 227 3558 =
244 3512 347 3566 defruti
361 3516 370 3582 ΙΙ
384 3519 417 3566 26
436 3531 473 3582 aq.
493 3514 626 3584 scriptum
645 3518 689 3570 est
703 3517 743 3572 B:
762 3534 784 3572 s.
803 3534 824 3571 s.
843 3520 896 3570 et.
