2470 3902
187 123 253 187 104
417 122 700 178 MULOMEDICINA
719 123 889 179 CHIRONIS
908 129 959 178 ³45

184 272 347 350 suspirium
365 273 544 349 appellatur.
582 275 734 334 verissime
753 277 853 334 autem
870 274 1034 334 continebit
1053 275 1101 333 hic
1117 293 1182 332 mor-

185 361 241 421 bus
264 363 476 438 appellationis
503 383 610 422 nomen
639 366 772 438 artrites,
800 383 876 440 quae
903 363 996 422 latine
1024 364 1182 422 articularia
1222 423 1223 426 ,

185 449 297 512 dicunt.
335 452 386 526 qui
406 452 521 511 adferet
539 453 625 530 signa
644 453 693 511 sic.
729 452 929 529 plenitudines
947 453 1099 529 profluunt
1116 452 1182 510 olen·
1222 511 1223 514 ,

184 542 230 606 tes
257 539 378 600 naribus
406 559 526 618 grassae
554 544 585 601 et
611 542 689 600 male
717 543 858 600 odoratae
886 541 984 600 colore
1010 540 1134 616 pallido,
1157 544 1180 598 et

185 628 268 687 cuius
291 632 382 704 caput
403 632 548 706 gravatur
575 633 606 688 et
632 631 738 689 stridet
763 634 882 706 pectore
912 633 942 688 et
966 630 1067 689 statim
1091 649 1108 688 a
1129 646 1206 688 cor-⁵

184 736 256 794 pore
275 718 396 795 gracilis
419 717 479 794 fiet,
502 721 538 777 ab
561 719 617 777 hoc
640 719 712 795 quia
735 737 832 778 escam
853 737 912 777 non
932 719 1049 795 accipit,
1072 719 1180 794 propter

186 807 265 881 quod
292 807 331 864 ad
357 807 503 866 medullas
531 827 633 866 eorum
659 827 719 866 non
745 808 889 884 pervenit.
935 808 1117 882 alternisque
1139 826 1180 882 pe-

184 894 270 954 dibus
294 894 331 953 ab
355 896 490 956 anticulis
513 897 744 955 claudicationes
767 896 982 970 interveniunt,
1011 899 1041 954 et
1067 897 1100 954 in
1123 914 1180 972 qua-

184 1002 299 1060 cunque
317 988 403 1060 parte
421 985 619 1061 procubuerit,
639 986 833 1061 exulceratur,
856 988 886 1044 et
903 985 957 1043 illa
974 1003 1045 1060 pars
1064 985 1180 1060 corpo1is

184 1072 238 1132 sub
261 1076 328 1132 cute
351 1074 429 1132 unde
452 1077 482 1132 et
505 1074 625 1133 articuli
646 1074 799 1148 laborant,
822 1095 858 1133 ex
881 1075 1079 1132 amaritudine
1102 1075 1180 1150 ipsius
1190 1089 1223 1128 ιι

105 1161 164 1218 345
183 1160 288 1220 morbi.
324 1161 390 1220 ideo
414 1164 516 1222 autem
538 1164 685 1241 contingit
705 1165 747 1222 eis
764 1163 947 1239 plerumque,
970 1161 1181 1238 propterquod

183 1269 270 1308 omne
284 1251 449 1309 iumentum
463 1252 504 1310 fel
522 1271 582 1310 non
595 1251 693 1310 habet.
725 1271 780 1327 pro
794 1252 864 1310 felle
881 1252 1038 1310 inhaerent
1056 1243 1102 1310 eis¹
1111 1250 1181 1309 nervi

183 1339 308 1416 graciles
325 1339 469 1415 laxantes
481 1340 514 1398 in
533 1360 592 1417 quo
609 1341 764 1398 humorem
781 1341 930 1416 recipiunt
943 1344 973 1399 et
987 1359 1089 1399 sucum
1106 1340 1181 1398 huius
1217 1359 1218 1362 ¹

181 1426 288 1486 morbi.
338 1429 432 1487 etsie
455 1429 876 1505 vitaepericulumfuciunt‚
906 1433 936 1488 et
965 1433 993 1488 ei
1018 1430 1181 1488 commixtus
1222 1448 1223 1501 3

184 1517 305 1593 sanguis
318 1517 485 1593 praecurrit
497 1538 552 1594 per
565 1519 665 1577 omnia
679 1520 800 1594 arteria,
820 1537 896 1594 quae
913 1520 997 1577 iuxta
1011 1521 1081 1577 sunt
1098 1517 1180 1576 dorsis

183 1608 215 1663 et
233 1606 335 1680 spinis,
357 1610 524 1682 praecurrit
546 1607 628 1665 etin
646 1607 792 1666 medullas
815 1607 1012 1683 scapularum,
1036 1625 1127 1681 aeque
1144 1625 1180 1664 ce

107 1731 109 1736 ·
185 1693 304 1753 rebrum
319 1695 494 1771 corrumpit3
514 1713 611 1754 escam
625 1698 701 1754 caim
716 1695 753 1754 ab
769 1697 908 1754 inferiore
923 1696 1111 1772 scapularum
1127 1695 1180 1752 loco
1222 1735 1223 1768 χ

186 1783 303 1859 accipit.
348 1787 471 1861 propter
498 1785 577 1860 quod
605 1785 774 1843 continetur
796 1788 901 1860 caput,
924 1785 1054 1860 itemque
1074 1784 1181 1860 liuguae
1222 1821 1223 1857 χ

183 1873 427 1931 constitutionem
449 1876 592 1948 praestat,
614 1891 689 1949 quae
709 1877 754 1932 est
771 1873 945 1949 principalis
969 1873 1100 1932 omnium
1121 1871 1181 1930 arti·
1220 1909 1223 1946 p

255 2064 268 2111 1
294 2057 349 2113 εστι
372 2056 404 2113 ιε
427 2067 460 2130 ιχ
485 2058 605 2134 alaeue
630 2061 760 2128 ερσριης
780 2063 789 2130 ιι
811 2067 827 2113 ι
847 2059 962 2114 artrica
981 2062 990 2130 ιι
1013 2065 1084 2129 usq.
1104 2059 1180 2113 orent:
1222 2031 1223 2124 ς

184 2129 280 2198 ἰχῶρες
308 2128 511 2194 άποστάζουσιν
537 2130 568 2184 ἐκ
594 2139 649 2186 τῶν
675 2129 822 2199 μυκτήρων
846 2139 945 2202 παχεῖς
972 2130 1059 2200 ὀσμάς
1086 2130 1181 2201 ἔχοντες
1222 2177 1223 2195 2

183 2199 294 2267 μήλινοι
321 2201 352 2255 τύ
372 2211 434 2326 χρῶ
501 2203 510 2271 ΙΙ
538 2201 657 2255 5satim
683 2204 693 2272 Ιλ
721 2203 793 2256 dad
817 2202 870 2256 hoc
889 2203 950 2270 qui:
978 2202 1026 2257 καλ
1046 2197 1179 2271 ἀπισχναί-
1215 2204 1223 2220 “’

183 2289 262 2325 νεται
283 2269 332 2324 διὰ
356 2291 371 2324 τ
412 2291 486 2327 εναι
508 2269 674 2340 ἀνόρεκτον,
700 2274 750 2327 καλ
773 2280 807 2344 τῇ
829 2271 896 2340 παρ’
916 2270 1032 2346 ἑκατέρᾳ
1052 2268 1180 2334 ἐναλλάξει

181 2349 237 2395 τῶν
263 2341 380 2410 άρθρων
404 2342 569 2414 χωλάσματα
595 2341 756 2413 ἐπιγίνεται.
792 2344 841 2398 καλ
860 2339 893 2398 οὗ
912 2341 949 2398 dlv
967 2343 1046 2414 τύχοι
1065 2337 1179 2398 κατακεί-

181 2429 265 2480 μενος
283 2413 391 2482 μέρους,
412 2411 539 2469 ἕλκονται
557 2414 589 2468 τδ
608 2412 690 2482 μέρος
705 2415 795 2470 ἐκεῖνο
809 2423 859 2470 τού
873 2415 997 2484 σώματος
1012 2413 1060 2468 διά
1074 2413 1104 2468 τὸ
1117 2407 1179 2466 εἶναι

180 2481 318 2554 ἀνάχυσιν
346 2484 401 2539 ono
427 2484 477 2554 τὴν
502 2484 608 2556 βύρσαν
637 2486 686 2540 καλ
712 2485 747 2539 τά
779 2485 874 2553 άρθρα
904 2494 993 2556 χυμοῦ
1024 2482 1179 2554 δριμυτάτου

180 2553 271 2624 πλήρη
286 2557 324 2626 119
344 2556 487 2610 exulcerat
504 2559 567 2609 uret
581 2555 633 2610 illa
649 2559 652 2626 Ι
668 2572 746 2626 pars:
765 2574 800 2612 sc.
815 2556 928 2612 laborat
940 2557 950 2629 ή
965 2563 996 2610 11
1012 2557 1157 2625 supra175
1171 2551 1179 2622 (Ι
1222 2615 1223 2622 χ

182 2631 215 2678 13
234 2625 354 2696 gracilia
371 2627 481 2690 laxant:
502 2622 576 2681 εἶναλ
593 2647 621 2681 τι
639 2626 751 2696 νευρλον
771 2625 964 2697 ἐκλελυμένον,
987 2625 1002 2682 ὃ
1025 2623 1179 2695 ἀποδέχεται
1222 2657 1223 2698 1

180 2705 281 2752 τούτου
308 2697 358 2753 τὸν
380 2698 469 2788 χυμὸν
489 2698 625 2753 κάκεῖθεν
647 2698 699 2768 τήν
724 2698 845 2767 ἔκκρισιν
868 2708 989 2753 ποιεῖται
1009 2699 1058 2754 καλ
1081 2695 1178 2767 μλχνυσι

179 2767 824 2910 {iiiiiiix‘i‘ie'iiidilituit“iiiiii
839 2766 1177 2910 ttttffltlttttitt

181 2913 273 2978 φαλον
299 2909 414 2979 φθείρει
440 2911 450 2984 β
478 2917 521 2965 14·
537 2928 600 2965 cum
627 2911 793 2966 commixta:
821 2928 888 2966 corr.
915 2913 943 2964 B
965 2911 1003 2979 (ei
1017 2938 1050 2958 =
1065 2909 1156 2975 umori)
1170 2905 1177 2975 λλ

182 2985 215 3034 15
231 2981 334 3036 arteria
348 2984 460 3051 πάνια
473 2982 565 3036 latera
577 2984 605 3051 (ι’.
617 3001 638 3036 e.
653 2983 763 3052 alteria)
778 2985 787 3052 ΙΙ
802 2989 834 3037 16
848 2985 1033 3052 praecurrunt
1045 2985 1055 3053 ή
1070 2987 1103 3036 17
1116 2978 1177 3035 enim

182 3052 296 3106 addida·
313 3052 365 3122 τὴν
383 3053 436 3122 γὰρ
450 3053 559 3123 τροφὴν
573 3053 630 3107 άπὸ
644 3061 693 3108 τοῦ
708 3051 840 3108 νωτιαίου
854 3051 1002 3125 λαμβάνεις
1017 3053 1090 3126 (id)
1098 3065 1176 3106 escam

182 3124 217 3176 ab
237 3124 265 3177 B
278 3125 287 3192 ΙΙ
303 3129 335 3177 18
350 3141 386 3193 sq.
403 3124 447 3178 διὸ
466 3125 515 3178 καλ
532 3124 584 3194 τήν
602 3125 728 3195 κεφαλὴν
746 3133 960 3192 κατακρατεϊται
978 3125 1027 3178 καλ
1042 3124 1095 3193 τήν
1108 3125 1175 3192 γλῶτ-

179 3213 239 3248 ταν.
282 3190 356 3248 εἶναι
379 3194 432 3264 γάρ
456 3195 505 3250 καλ
524 3195 612 3265 αύτὴν
630 3195 730 3266 (ἀρχὴν
749 3196 788 3262 Β)
806 3204 862 3250 τῶν
885 3193 988 3263 ἔναρλθ
1031 3216 1049 3250 ν
1066 3195 1176 3262 ἄρθρου.

178 3264 347 3330 θεραπεύων
371 3263 398 3318 δ’
420 3265 457 3319 άν
480 3285 521 3327 τις
549 3265 728 3355 ἐπιτυγχάνοι
752 3265 869 3335 αἵματος
886 3267 976 3336 άφαιρ
992 3285 1032 3320 σει
1051 3267 1122 3320 λύων
1138 3260 1177 3320 τὰς

180 3333 211 3389 ἐν
230 3339 267 3404 τῷ
286 3335 424 3408 προσώπῳ
439 3333 543 3407 φλέβας
561 3337 609 3390 καλ
627 3356 677 3398 τας
695 3337 726 3390 ἐν
743 3341 780 3410 τῷ
796 3337 901 3405 στήθει.
933 3336 970 3390 ἔτι
985 3334 1016 3390 δὲ
1031 3336 1176 3391 διακόπτω

179 3401 214 3455 τά
238 3405 389 3471 μεσοκύνια
413 3411 561 3476 προσφορᾷ
584 3424 613 3459 τε
640 3415 746 3476 τροφῆς
773 3409 956 3476 παντοδαπῆς
980 3409 1119 3478 χρώμενος
1138 3401 1175 3459 καὶ

179 3471 378 3544 ἔχχυματισμῷ.
405 3476 408 3543 Ι
434 3491 506 3542 quae
524 3475 603 3545 ligua
