2512 3906
211 173 252 237 18
418 171 699 228 MULOMEDICINA
719 172 887 228 OHIRONIS
906 179 1010 227 47-49

213 321 269 401 [et]
296 323 435 401 alligato,
462 324 543 383 lasar
567 326 597 382 et
619 326 736 382 acetum
760 323 921 382 admisceto
940 326 971 382 et
994 323 1129 381 cambam
1151 323 1217 382 alli-

209 414 280 490 gato
304 415 335 470 et
358 412 518 490 diligenter
540 431 618 472 cura.

151 501 189 558 47
275 501 378 560 XVIII
408 501 440 560 Si
468 502 634 560 iumentum
663 501 799 560 cambam
827 518 997 576 percussam
1026 500 1166 560 habuerit
1187 504 1218 559 et

208 593 354 650 tumorem
378 591 584 666 concitaverit,
615 590 656 650 sic
684 590 810 649 curabis.
857 592 968 648 cretam
996 588 1159 649 Cimoleam
1186 591 1217 648 et

206 679 356 739 rubricam
388 699 424 738 ex
456 682 539 738 aceto
572 679 735 738 macerabis
767 681 798 737 et
833 678 969 738 cambam
1005 678 1138 737 oblinito.
1191 679 1251 738 sis

208 769 287 844 quod
309 768 475 826 iumentum
502 768 674 828 cambosum
703 768 816 826 factum
845 767 949 842 hierii,
979 767 1021 827 sic
1048 786 1149 826 recens
1172 769 1217 826 est

207 858 269 916 cius
299 857 471 916 remedium.
517 857 692 934 sanguinem
723 856 853 915 emittite
886 856 922 914 de
954 856 1043 931 tibia,
1074 857 1216 915 continuo

206 946 308 1005 lanam
337 946 485 1005 succidam
515 945 624 1023 ligabis
654 946 765 1004 circum
794 945 937 1005 cambam.
983 964 1054 1004 cave
1084 965 1120 1003 ne
1150 964 1215 1003 eam

206 1036 359 1094 sementes.
404 1034 475 1092 talis
498 1034 577 1092 enim
600 1035 714 1094 curatio
738 1035 780 1093 sic
804 1035 931 1093 curatur.
977 1053 1048 1093 cave
1071 1054 1107 1092 ne
1130 1034 1216 1092 illam

206 1123 359 1184 cauteries.
397 1122 548 1200 malagma
572 1123 663 1182 uteris
686 1123 789 1198 cruda,
818 1141 893 1198 quae
920 1123 1000 1181 inira
1027 1123 1139 1199 scripta
1162 1126 1214 1181 est.
1227 1138 1248 1176 ro

206 1212 296 1271 tertio
327 1230 444 1287 quoque
472 1212 519 1270 die
550 1211 649 1271 solvis.
695 1231 762 1271 oum
792 1212 848 1270 tibi
876 1211 1027 1271 videbItur
1049 1211 1214 1270 ambulatio

205 1303 287 1362 recta
311 1319 382 1379 esse,
405 1301 569 1360 causticum
590 1301 719 1360 induces.
766 1319 871 1360 sanum
893 1301 952 1360 fiet.

150 1389 188 1446 48
273 1388 343 1448 XlX
367 1388 399 1448 Si
423 1391 502 1465 quod
518 1391 687 1448 iumentum
705 1390 810 1449 camba
827 1389 974 1450 laxaverit
992 1391 1045 1448 aut
1063 1388 1215 1463 arficulos

205 1497 265 1537 non
288 1478 364 1536 alias
387 1479 517 1555 curabIS,
541 1480 619 1538 sicut
641 1479 775 1555 superius
799 1481 851 1538 est.
899 1479 924 1537 si
947 1479 1026 1554 quod
1049 1478 1215 1537 iumentum

205 1567 349 1641 aquatilia
377 1568 516 1626 habuerit
544 1568 624 1626 inira
651 1567 799 1643 cambam,
831 1586 906 1642 quae
934 1567 1070 1645 fregerit,
1100 1567 1142 1626 sic
1167 1586 1214 1626 cu·
1227 1579 1247 1619 1⁵

204 1655 293 1730 rabis,
317 1657 565 1731 quemadmodum
587 1657 619 1714 in
641 1656 789 1733 prioribus
813 1656 1021 1716 demonstravi.

270 1746 325 1803 XX
348 1745 380 1804 Si
404 1746 483 1821 quod
506 1745 671 1804 iumentum
695 1746 842 1821 aquatilia
862 1745 1002 1804 habuerit
1018 1744 1050 1802 in
1069 1744 1213 1819 articulis,

204 1834 278 1893 haec
299 1834 431 1892 remedia
454 1836 549 1894 erunt.
594 1835 703 1893 leolam
733 1834 923 1912 conspergite
954 1836 984 1892 et
1011 1833 1103 1892 salem
1126 1834 1213 1892 dimi-

204 1923 285 1981 diam
304 1924 334 1981 et
352 1923 453 1981 lanam
474 1923 623 1982 succidam
646 1943 681 1981 ex
704 1925 788 1982 aceto
812 1923 947 2001 alligate,
970 1923 1060 1981 tertio
1083 1922 1130 1980 die
1156 1922 1213 1982 sol-

203 2011 267 2070 vito
291 2013 322 2069 ct
351 2011 437 2070 calda
466 2012 576 2071 foveto.
622 2014 725 2070 curato
756 2032 791 2070 ex
820 2013 908 2071 melle
939 2013 1053 2071 coctam
1082 2011 1248 2070 farinam„

204 2100 378 2158 ordeaceam
397 2102 427 2158 et
444 2100 499 2158 lini
519 2119 618 2158 semen
636 2101 810 2160 contundIto
831 2107 857 2160 ct
873 2101 1093 2178 fenugraecum,
1112 2101 1215 2160 omnia
1254 2135 1255 2138 =

202 2188 235 2246 in
259 2207 330 2246 vaso
354 2189 489 2264 coquito,
511 2188 557 2247 bis
579 2189 612 2247 in
634 2189 682 2248 die
704 2189 872 2250 fumentato
895 2193 926 2248 et
947 2189 1099 2266 malagma
1122 2190 1214 2249 cruda

204 2276 338 2353 alligato.

147 2365 187 2422 49
271 2364 341 2422 XXI
369 2365 400 2424 Si
425 2366 504 2441 quod
532 2365 698 2424 iumentum
726 2366 763 2424 ab
791 2386 879 2426 onere
908 2384 1079 2442 percussum
1106 2385 1213 2426 nervos

202 2454 394 2529 praeciderit,
422 2454 513 2512 simili
540 2455 656 2514 ratione
679 2455 810 2530 curabis,
832 2451 914 2514 ‘sicut
935 2455 968 2513 in
990 2454 1139 2531 prioribus
1162 2465 1247 2532 peu

203 2543 289 2601 dibus
312 2543 521 2602 demonstravi.

268 2631 355 2690 XXII
377 2632 409 2691 Si
432 2633 512 2708 quod
534 2632 699 2691 iumentum
727 2651 864 2692 scaurum
893 2633 1005 2691 factum
1035 2632 1140 2708 firerit,
1171 2633 1213 2692 sic

70 2725 179 2784 107'a
202 2720 318 2780 curabis
331 2712 611 2802 I‚quemadmodum
625 2739 715 2798 supra
730 2722 872 2798 scriptum
890 2724 936 2780 est
955 2724 985 2780 et
1003 2721 1097 2780 docui.
1135 2723 1213 2782 scias

202 2810 303 2868 tamen
325 2810 503 2885 posteriores
526 2811 615 2886 pedes
637 2811 755 2871 facilius
778 2811 876 2870 curari
893 2829 987 2886 posse,
1010 2829 1070 2869 non
1087 2811 1211 2887 priores
1251 2803 1252 2829 ³

267 2899 369 2957 XXIII
392 2898 424 2957 Si
446 2899 612 2958 iumentum
633 2903 702 2959 rota
723 2899 858 2959 insecuta
879 2899 984 2976 fuerit,
1010 2917 1113 2958 recens
1140 2900 1212 2958 lana
1225 2911 1251 2962 ³⁰]

201 2987 319 3047 succida
348 2988 495 3064 imponIto
525 3010 560 3047 ex
583 2992 666 3048 aceto
695 2991 726 3048 et
754 2989 833 3064 oleo,
862 2989 988 3066 alligato
1018 3008 1072 3063 per
1101 2988 1211 3065 triduo,

200 3079 319 3151 postero
352 3077 399 3135 die
431 3076 519 3136 ficum
551 3076 698 3153 duplicem
733 3081 763 3136 et
798 3077 923 3136 nitrium
954 3077 1114 3155 conterito,
1150 3096 1212 3136 una

272 3243 430 3316 rrevrgaeo
449 3247 477 3300 rr
500 3247 509 3316 ιι
532 3252 548 3300 a
571 3247 633 3317 ra.
658 3247 684 3300 V
700 3251 737 3301 rs
754 3247 802 3315 aa.
825 3249 835 3317 ιι
858 3255 873 3301 e
896 3245 1034 3301 lubricam
1065 3249 1074 3317 ιι
1103 3251 1118 3300 r
1148 3247 1210 3317 rep.
1249 3233 1250 3275 l

205 3315 278 3368 V19
298 3317 307 3384 ΙΙ
328 3321 344 3369 9
363 3317 393 3369 in
415 3315 469 3370 tali
488 3317 632 3372 curatione
650 3317 821 3373 contrarium
844 3320 887 3372 est
909 3318 971 3388 ch.
995 3320 1004 3387 I
1028 3323 1060 3372 10
1079 3317 1185 3372 veteris
1203 3319 1213 3390 ΙΙ

200 3390 234 3439 15
252 3385 326 3456 ilion
341 3393 374 3440 17
387 3389 466 3454 iufra
486 3392 553 3458 6073
577 3389 639 3461 ch.
654 3390 710 3443 ΙΙΙ
719 3393 792 3455 49,2
805 3392 815 3460 ΙΙ
829 3395 861 3443 21
877 3392 907 3444 ct
920 3390 1019 3443 addidi
1031 3393 1040 3454 ΙΙ
1055 3393 1090 3442 24
1104 3405 1212 3445 ornere:
1248 3427 1249 3438 ι

199 3472 310 3582 yometrp
324 3458 352 3584 ἑ
364 3460 373 3527 ΙΙ
388 3464 421 3510 25
439 3458 559 3528 pedibus
578 3461 696 3528 dotibus,
714 3478 753 3515 aa
767 3460 801 3515 de
817 3459 949 3530 pedibus?
962 3463 972 3530 I
986 3465 1020 3513 30
1039 3460 1100 3530 ch.
1117 3461 1143 3515 V
1156 3461 1210 3532 20!
1248 3441 1249 3497 I

198 3543 276 3582 mscc
