2474 3910
229 175 510 232 MULOMEDIOINA
530 177 699 234 cfflROle
719 183 858 234 rao-737
981 179 1045 244 229

55 325 173 385 dolorem
201 327 325 386 interius
353 347 468 404 semper
489 331 651 404 praestant.
696 329 774 386 unde
797 332 827 387 et
849 325 987 408 †gradus
1013 331 1045 388 in

54 414 116 490 ipsis
136 417 255 494 ungulis
278 417 491 476 demonstrant.
537 437 572 476 ex
600 437 657 493 quo
685 417 895 494 intelliguntur
923 420 1045 478 eru-usi-

54 503 107 562 oiae
132 505 261 582 ungulae
285 523 355 564 esse.
403 507 453 581 qui
477 506 616 564 dicuntur
643 506 743 565 cretici
771 506 809 564 ab
837 507 938 583 ordeo,
967 509 1046 584 quod

53 592 179 651 videatur
201 613 219 652 a
247 595 393 652 cruditate
421 595 502 654 ordei
529 595 561 652 id
588 595 695 654 vitium
723 595 872 670 plerisque
901 597 1045 655 accedere.

34 681 162 742 osudusio
186 685 286 741 autem
309 683 426 759 dicitur,
449 701 523 759 quae
548 701 566 741 a
585 687 659 759 potu
678 684 833 761 contingit,
857 703 933 760 quae
951 685 1045 744 multo
1109 711 1115 718 ‘¹

52 769 137 829 levior
158 774 204 829 est
220 772 363 830 cretiatio.
396 791 487 847 quare
505 789 622 830 necesse
642 769 712 848 [est]
736 773 909 831 habebimus
930 773 962 831 in
985 793 1045 832 om-

52 859 128 918 nibus
158 863 282 936 propter
307 861 338 918 id
369 861 492 936 vitium,
523 880 560 918 ne
592 861 760 938 contingat,
786 862 842 920 hoc
878 861 1046 921 observare:
1066 863 1122 919 735

53 948 164 1006 ordeum
191 967 302 1008 novum
331 968 367 1007 ne
395 949 560 1008 dederimus
589 949 648 1008 nisi
676 953 860 1010 maceratum
891 969 972 1010 mero
999 950 1048 1010 uel

52 1055 132 1110 posca
153 1037 202 1096 vel
230 1055 322 1114 aqua,
354 1040 390 1095 ut
417 1039 600 1116 infringatur
630 1038 713 1097 virus
745 1039 901 1115 novitatis,
937 1039 1048 1098 viriosa

23 1125 121 1183 roenim
142 1145 189 1184 res
213 1129 266 1185 est.
310 1127 406 1185 multo
427 1129 529 1185 tamen
550 1128 689 1187 viriosius
715 1127 748 1185 in
777 1129 900 1187 eandem
928 1145 1047 1186 causam

51 1214 249 1274 concitandam
279 1215 431 1274 invonitur
461 1215 595 1274 triticum
627 1218 657 1274 et
688 1216 817 1274 farinam
849 1235 1046 1293 consparsam.

52 1305 154 1377 quanto
178 1303 245 1379 plus
269 1303 393 1379 quisque
423 1304 560 1378 ediderit,
589 1307 675 1364 tanto
701 1305 896 1380 periculosius
924 1309 955 1365 et
980 1323 1047 1383 gra-

50 1391 108 1450 vius
139 1393 296 1451 suffundet.
341 1392 457 1452 curabis
489 1396 589 1451 autem
621 1393 750 1452 calidum
782 1394 820 1452 ab
851 1394 958 1453 itinere
988 1413 1048 1452 non

51 1481 194 1556 adaquare
220 1500 274 1539 nec
300 1481 413 1540 cibaria
440 1481 586 1560 adligare,
614 1482 665 1540 sed
691 1482 717 1540 si
744 1482 919 1540 festinantia
947 1483 1047 1561 exigit,

21 1569 160 1642 repelsam
184 1570 297 1646 offerre,
320 1570 412 1629 donec
434 1588 464 1628 se
488 1589 593 1646 corpus
615 1574 783 1646 componat.
823 1574 945 1647 propter
968 1571 1047 1647 quod
1067 1571 1123 1626 736

52 1657 315 1717 deambulationem
338 1658 451 1718 diutius
473 1659 570 1718 facere
594 1661 725 1735 oportet,
752 1659 844 1718 donec
867 1661 960 1718 totius
983 1678 1049 1718 san-

51 1748 141 1822 guinis
164 1747 264 1807 fervor
287 1750 318 1806 et
339 1747 483 1807 follicotio
507 1748 638 1824 corporis
661 1767 692 1807 se
719 1751 871 1824 temperet.
917 1751 947 1806 et
978 1750 1050 1806 tunc

51 1837 186 1894 securiter
207 1835 319 1895 cibaria
336 1836 385 1895 vel
407 1839 483 1912 potu
505 1838 609 1896 offerre
632 1836 779 1912 debemuS,
814 1837 863 1896 vel
882 1855 960 1895 nunc
979 1839 1049 1894 ante

51 1923 213 1984 advenienti
236 1925 417 1983 natationem
439 1925 549 2003 frigida
573 1945 667 2002 aequo
690 1927 778 1985 modo
804 1926 853 1985 vel
884 1926 1050 1985 fomentum

20 2027 41 2068 ro
50 2016 210 2089 praestare,
238 2031 314 2088 quae
340 2032 387 2072 res
415 2014 463 2073 vel
490 2015 617 2072 maxime
645 2015 855 2074 aestuabundis
879 2014 1049 2090 corporibus

50 2101 209 2162 necessaria
223 2104 275 2178 est,
291 2104 403 2160 aestate
417 2103 513 2180 magis
527 2105 650 2179 propter
663 2104 816 2181 stegnosin
831 2104 969 2180 corporis.
999 2103 1049 2161 ad-

51 2191 174 2249 venienti
190 2189 228 2249 ab
241 2190 350 2249 itinera
363 2209 476 2250 merom
490 2192 559 2250 dare
574 2194 694 2268 oportet
705 2194 828 2268 propter
841 2192 1050 2271 fatigationem

50 2277 199 2338 inanitatis
223 2281 253 2338 et
275 2298 432 2339 nervorum
455 2279 594 2338 laborem.
630 2280 714 2340 nervi
733 2281 812 2339 enim
829 2300 910 2340 mero
929 2283 1049 2357 accepto

51 2369 176 2443 gaudent
208 2369 239 2426 et
268 2367 406 2427 fortiores
437 2367 520 2427 fiunt.
571 2369 622 2428 sed
653 2369 836 2429 febricitanti
867 2371 923 2430 hoc
953 2371 1050 2429 facere

20 2471 103 2514 aaron
139 2459 266 2532 oportet.
311 2460 419 2534 gravat
455 2457 533 2515 enim
569 2476 675 2534 corpus
712 2462 742 2517 et
778 2459 875 2518 calore
912 2459 1049 2517 concitat.
1071 2457 1125 2513 lb?

52 2545 152 2619 quibus
175 2562 292 2604 necesse
316 2545 374 2604 erit
396 2545 437 2604 sic
459 2546 585 2621 plurime
609 2546 765 2605 subvenire
789 2565 879 2623 posca
900 2565 961 2604 non
982 2565 1051 2604 acra

52 2636 77 2690 et
101 2634 237 2711 pulegio,
265 2633 269 2708 Ι
302 2634 419 2693 tardius
450 2639 476 2692 et
506 2653 592 2693 nares
622 2635 729 2695 fovere.
776 2654 851 2711 quae
884 2653 931 2694 res
962 2634 1049 2694 valde
1075 2634 1173 2694 146¹b

51 2722 202 2800 refrigerat
224 2725 255 2780 et
277 2722 421 2798 impetum
443 2722 533 2782 febris
552 2726 582 2782 et
598 2725 769 2799 pulmonem
788 2725 872 2783 sedat
890 2727 920 2782 et
937 2723 1051 2782 reficiat

51 2827 157 2887 corpus.
204 2811 277 2870 haec
314 2811 413 2870 omnia
445 2829 466 2869 s.
495 2829 515 2872 s
549 2815 735 2872 contemnere
766 2815 867 2889 potes,
897 2813 922 2871 si
953 2811 1051 2887 prima

21 2913 41 2953 eo
52 2903 146 2960 aetate
163 2900 330 2958 iumentum
344 2901 528 2959 consueveris
543 2901 642 2960 omnia
657 2902 805 2960 contraria
824 2903 928 2960 facere.
961 2919 1051 2976 quam

51 3005 108 3046 rem
129 2989 258 3066 plurime
280 2988 428 3047 salubrem
454 2989 598 3048 militares
627 2991 694 3066 equi
721 2994 843 3066 propter
870 2989 1050 3066 expeditione
1157 3061 1158 3066 η

118 3180 132 3227 1
151 3173 283 3244 ragadios
303 3175 330 3228 B
344 3177 353 3245 ΙΙ
367 3180 383 3228 6
403 3174 550 3230 creciatico
570 3191 643 3244 quae
656 3177 665 3246 11
679 3181 694 3229 9
709 3175 798 3228 virtus
812 3177 822 3245 ΙΙ
836 3181 869 3229 10
883 3175 1024 3230 utiliosius
1042 3177 1051 3247 l!

53 3248 81 3295 11
100 3247 278 3315 conspertum
291 3248 300 3316 ΙΙ
315 3252 348 3300 14
367 3246 495 3316 adligare
504 3272 538 3292 =
549 3246 682 3315 adlegare
695 3248 705 3316 ΙΙ
719 3248 752 3300 17
769 3245 875 3300 follicio
889 3248 899 3316 ΙΙ
913 3253 945 3301 19
960 3246 1051 3301 natio-

52 3329 111 3368 nem
123 3319 132 3386 fl
145 3321 180 3369 20
193 3315 278 3370 abstu
291 3316 432 3371 habundis
446 3319 456 3388 ss
469 3323 502 3370 21
518 3319 631 3388 stegnos
645 3316 687 3370 in:
698 3343 731 3362 =
743 3314 890 3386 στέγνωσιν
908 3320 917 3388 ll
931 3323 964 3371 22
978 3335 1051 3371 mer-

54 3383 115 3438 dare
128 3388 137 3456 11
152 3392 185 3440 26
205 3387 242 3442 si:
262 3387 287 3440 si
304 3386 423 3456 plurime
438 3414 472 3434 ιτ
486 3387 536 3442 ubi
553 3386 704 3457 plurimum
722 3389 749 3442 B
763 3390 772 3458 ΙΙ
786 3394 819 3442 21
839 3388 961 3442 tardium
981 3389 1028 3442 sed
1043 3389 1052 3462 11

53 3459 82 3536 29
100 3459 193 3526 potest
213 3463 222 3526 11
246 3463 280 3512 30
300 3460 394 3513 aetate
413 3460 453 3513 B:
473 3461 586 3513 etanta
609 3460 618 3528 ΙΙ
641 3464 673 3512 31
693 3458 810 3514 militari
829 3459 978 3532 aequiter
995 3460 1052 3530 pri-

53 3541 126 3581 orone
