<?xml version="1.0" encoding="UTF-8"?>
<!DOCTYPE html PUBLIC "-//W3C//DTD XHTML 1.0 Transitional//EN"
    "http://www.w3.org/TR/xhtml1/DTD/xhtml1-transitional.dtd">
<html xmlns="http://www.w3.org/1999/xhtml" xml:lang="en" lang="en">
 <head>
  <title>
</title>
<meta http-equiv="Content-Type" content="text/html;charset=utf-8" />
  <meta name='ocr-system' content='tesseract 3.04.00' />
  <meta name='ocr-capabilities' content='ocr_page ocr_carea ocr_par ocr_line ocrx_word'/>
</head>
<body>
  <div class='ocr_page' id='page_1' title='image "./claudiihermerim03hermgoog_0059.png"; bbox 0 0 2512 3906; ppageno 0'>
   <div class='ocr_carea' id='block_1_1' title="bbox 195 183 995 248">
    <p class='ocr_par' dir='ltr' id='par_1_1' title="bbox 195 183 995 248">
     <span class='ocr_line' id='line_1_1' title="bbox 195 183 995 248; baseline -0.004 -9"><span class='ocrx_word' id='word_1_1' title='bbox 195 184 236 248; x_wconf 87' lang='grc'>16</span> <span class='ocrx_word' id='word_1_2' title='bbox 401 183 683 239; x_wconf 76' lang='lat' dir='ltr'><strong>MULOMEDIOINA</strong></span> <span class='ocrx_word' id='word_1_3' title='bbox 701 183 871 239; x_wconf 79' lang='lat' dir='ltr'>OHIRONIS</span> <span class='ocrx_word' id='word_1_4' title='bbox 890 189 995 237; x_wconf 82' lang='lat'>40-43</span> 
     </span>
    </p>
   </div>
   <div class='ocr_carea' id='block_1_2' title="bbox 66 331 1240 772">
    <p class='ocr_par' dir='ltr' id='par_1_2' title="bbox 135 331 1206 679">
     <span class='ocr_line' id='line_1_2' title="bbox 135 331 1206 410; baseline 0.003 -21"><span class='ocrx_word' id='word_1_5' title='bbox 135 331 175 390; x_wconf 83' lang='lat'>40</span> <span class='ocrx_word' id='word_1_6' title='bbox 193 334 263 392; x_wconf 89' lang='lat' dir='ltr'>cilia</span> <span class='ocrx_word' id='word_1_7' title='bbox 278 337 308 392; x_wconf 91' lang='lat' dir='ltr'>et</span> <span class='ocrx_word' id='word_1_8' title='bbox 321 353 454 393; x_wconf 88' lang='lat' dir='ltr'>nervosa.</span> <span class='ocrx_word' id='word_1_9' title='bbox 490 353 557 393; x_wconf 90' lang='lat' dir='ltr'>cum</span> <span class='ocrx_word' id='word_1_10' title='bbox 572 335 690 410; x_wconf 90' lang='lat' dir='ltr'>quando</span> <span class='ocrx_word' id='word_1_11' title='bbox 706 334 785 392; x_wconf 91' lang='lat' dir='ltr'>enim</span> <span class='ocrx_word' id='word_1_12' title='bbox 798 335 963 392; x_wconf 90' lang='lat' dir='ltr'>iumentum</span> <span class='ocrx_word' id='word_1_13' title='bbox 978 354 1013 392; x_wconf 83' lang='lat' dir='ltr'>ex</span> <span class='ocrx_word' id='word_1_14' title='bbox 1031 333 1082 392; x_wconf 82' lang='lat' dir='ltr'>via</span> <span class='ocrx_word' id='word_1_15' title='bbox 1101 336 1156 392; x_wconf 87' lang='lat' dir='ltr'>ant</span> <span class='ocrx_word' id='word_1_16' title='bbox 1171 354 1206 392; x_wconf 83' lang='lat' dir='ltr'>ex</span> 
     </span>
     <span class='ocr_line' id='line_1_3' title="bbox 192 419 1206 498; baseline -0.002 -16"><span class='ocrx_word' id='word_1_17' title='bbox 192 419 314 482; x_wconf 67' lang='lat' dir='ltr'>sarano</span> <span class='ocrx_word' id='word_1_18' title='bbox 324 422 471 483; x_wconf 85' lang='lat' dir='ltr'>ductionis</span> <span class='ocrx_word' id='word_1_19' title='bbox 486 423 677 498; x_wconf 78' lang='lat' dir='ltr'>laboraverit,</span> <span class='ocrx_word' id='word_1_20' title='bbox 691 423 829 481; x_wconf 86' lang='lat' dir='ltr'>naturale</span> <span class='ocrx_word' id='word_1_21' title='bbox 843 422 955 481; x_wconf 87' lang='lat' dir='ltr'>habens</span> <span class='ocrx_word' id='word_1_22' title='bbox 973 425 1062 481; x_wconf 91' lang='lat' dir='ltr'>tenue</span> <span class='ocrx_word' id='word_1_23' title='bbox 1081 422 1206 497; x_wconf 88' lang='lat' dir='ltr'>corium,</span> 
     </span>
     <span class='ocr_line' id='line_1_4' title="bbox 194 511 1206 588; baseline 0 -19"><span class='ocrx_word' id='word_1_24' title='bbox 194 512 264 570; x_wconf 92' lang='lat' dir='ltr'>dum</span> <span class='ocrx_word' id='word_1_25' title='bbox 287 512 319 570; x_wconf 94' lang='lat' dir='ltr'>in</span> <span class='ocrx_word' id='word_1_26' title='bbox 342 512 422 588; x_wconf 93' lang='lat' dir='ltr'>qnod</span> <span class='ocrx_word' id='word_1_27' title='bbox 442 512 570 571; x_wconf 88' lang='lat' dir='ltr'>maxime</span> <span class='ocrx_word' id='word_1_28' title='bbox 595 513 767 588; x_wconf 82' lang='lat' dir='ltr'>frequenter</span> <span class='ocrx_word' id='word_1_29' title='bbox 794 511 868 570; x_wconf 86' lang='lat' dir='ltr'>facit</span> <span class='ocrx_word' id='word_1_30' title='bbox 898 511 1040 586; x_wconf 79' lang='lat' dir='ltr'>offensus,</span> <span class='ocrx_word' id='word_1_31' title='bbox 1071 512 1206 570; x_wconf 89' lang='lat' dir='ltr'>dolorem</span> 
     </span>
     <span class='ocr_line' id='line_1_5' title="bbox 194 600 1205 679; baseline 0 -21"><span class='ocrx_word' id='word_1_32' title='bbox 194 600 327 676; x_wconf 74' lang='lat' dir='ltr'>accipiet.</span> <span class='ocrx_word' id='word_1_33' title='bbox 374 603 405 659; x_wconf 92' lang='lat' dir='ltr'>et</span> <span class='ocrx_word' id='word_1_34' title='bbox 425 601 495 660; x_wconf 93' lang='lat' dir='ltr'>inde</span> <span class='ocrx_word' id='word_1_35' title='bbox 524 601 556 659; x_wconf 94' lang='lat' dir='ltr'>in</span> <span class='ocrx_word' id='word_1_36' title='bbox 579 601 755 679; x_wconf 86' lang='lat' dir='ltr'>olodiginem</span> <span class='ocrx_word' id='word_1_37' title='bbox 778 619 830 676; x_wconf 88' lang='lat' dir='ltr'>per</span> <span class='ocrx_word' id='word_1_38' title='bbox 852 600 975 676; x_wconf 80' lang='lat' dir='ltr'>aliquod</span> <span class='ocrx_word' id='word_1_39' title='bbox 997 603 1115 676; x_wconf 89' lang='lat' dir='ltr'>tempus</span> <span class='ocrx_word' id='word_1_40' title='bbox 1138 644 1146 658; x_wconf 90' lang='lat'><strong>.</strong></span> <span class='ocrx_word' id='word_1_41' title='bbox 1173 646 1205 658; x_wconf 89' lang='lat'>..</span> 
     </span>
    </p>

    <p class='ocr_par' dir='ltr' id='par_1_3' title="bbox 66 681 1240 772">
     <span class='ocr_line' id='line_1_6' title="bbox 66 681 1240 772; baseline 0.001 -25"><span class='ocrx_word' id='word_1_42' title='bbox 66 689 171 749; x_wconf 75' lang='lat' dir='ltr'>107¹n</span> <span class='ocrx_word' id='word_1_43' title='bbox 194 692 225 747; x_wconf 89' lang='lat' dir='ltr'>et</span> <span class='ocrx_word' id='word_1_44' title='bbox 246 710 300 766; x_wconf 90' lang='lat' dir='ltr'>per</span> <span class='ocrx_word' id='word_1_45' title='bbox 322 689 537 767; x_wconf 74' lang='lat' dir='ltr'>negligentiam</span> <span class='ocrx_word' id='word_1_46' title='bbox 559 689 705 749; x_wconf 75' lang='lat' dir='ltr'>increscat</span> <span class='ocrx_word' id='word_1_47' title='bbox 727 681 895 772; x_wconf 64' lang='lat' dir='ltr'>lapsuslque</span> <span class='ocrx_word' id='word_1_48' title='bbox 921 689 1068 748; x_wconf 84' lang='lat' dir='ltr'>ceciderit</span> <span class='ocrx_word' id='word_1_49' title='bbox 1113 689 1147 747; x_wconf 93' lang='lat' dir='ltr'>in</span> <span class='ocrx_word' id='word_1_50' title='bbox 1171 708 1205 748; x_wconf 92' lang='lat' dir='ltr'>eo</span> <span class='ocrx_word' id='word_1_51' title='bbox 1229 701 1240 739; x_wconf 85' lang='lat'>⁵</span> 
     </span>
    </p>
   </div>
   <div class='ocr_carea' id='block_1_3' title="bbox 135 778 1252 2720">
    <p class='ocr_par' dir='ltr' id='par_1_4' title="bbox 192 778 1207 1033">
     <span class='ocr_line' id='line_1_7' title="bbox 194 778 1207 854; baseline -0.001 -17"><span class='ocrx_word' id='word_1_52' title='bbox 194 779 325 837; x_wconf 83' lang='lat' dir='ltr'>offendat</span> <span class='ocrx_word' id='word_1_53' title='bbox 352 798 392 838; x_wconf 91' lang='lat' dir='ltr'>os.</span> <span class='ocrx_word' id='word_1_54' title='bbox 441 797 545 837; x_wconf 82' lang='lat' dir='ltr'>rarum</span> <span class='ocrx_word' id='word_1_55' title='bbox 575 798 693 854; x_wconf 88' lang='lat' dir='ltr'>quoqne</span> <span class='ocrx_word' id='word_1_56' title='bbox 721 778 913 837; x_wconf 88' lang='lat' dir='ltr'>intervallum</span> <span class='ocrx_word' id='word_1_57' title='bbox 934 778 999 836; x_wconf 73' lang='lat' dir='ltr'>nac</span> <span class='ocrx_word' id='word_1_58' title='bbox 1030 778 1141 853; x_wconf 80' lang='lat' dir='ltr'>eodem,</span> <span class='ocrx_word' id='word_1_59' title='bbox 1177 780 1207 836; x_wconf 90' lang='lat' dir='ltr'>et</span> 
     </span>
     <span class='ocr_line' id='line_1_8' title="bbox 192 866 1205 945; baseline 0.003 -21"><span class='ocrx_word' id='word_1_60' title='bbox 192 867 315 943; x_wconf 88' lang='lat' dir='ltr'>plantae</span> <span class='ocrx_word' id='word_1_61' title='bbox 337 867 477 927; x_wconf 87' lang='lat' dir='ltr'>laborant</span> <span class='ocrx_word' id='word_1_62' title='bbox 496 887 531 925; x_wconf 86' lang='lat' dir='ltr'>ex</span> <span class='ocrx_word' id='word_1_63' title='bbox 549 866 650 926; x_wconf 90' lang='lat' dir='ltr'>labore</span> <span class='ocrx_word' id='word_1_64' title='bbox 665 867 789 945; x_wconf 88' lang='lat' dir='ltr'>viarum,</span> <span class='ocrx_word' id='word_1_65' title='bbox 812 870 846 926; x_wconf 91' lang='lat' dir='ltr'>ut</span> <span class='ocrx_word' id='word_1_66' title='bbox 861 887 896 925; x_wconf 85' lang='lat' dir='ltr'>ex</span> <span class='ocrx_word' id='word_1_67' title='bbox 910 867 1042 925; x_wconf 86' lang='lat' dir='ltr'>sarcinae</span> <span class='ocrx_word' id='word_1_68' title='bbox 1057 867 1205 927; x_wconf 88' lang='lat' dir='ltr'>ductione.</span> 
     </span>
     <span class='ocr_line' id='line_1_9' title="bbox 193 955 1205 1033; baseline -0.001 -18"><span class='ocrx_word' id='word_1_69' title='bbox 193 957 261 1015; x_wconf 90' lang='lat' dir='ltr'>inde</span> <span class='ocrx_word' id='word_1_70' title='bbox 290 957 369 1015; x_wconf 93' lang='lat' dir='ltr'>enim</span> <span class='ocrx_word' id='word_1_71' title='bbox 398 955 547 1033; x_wconf 88' lang='lat' dir='ltr'>contingit</span> <span class='ocrx_word' id='word_1_72' title='bbox 576 956 708 1015; x_wconf 90' lang='lat' dir='ltr'>dolorem</span> <span class='ocrx_word' id='word_1_73' title='bbox 737 956 810 1015; x_wconf 90' lang='lat' dir='ltr'>fieri.</span> <span class='ocrx_word' id='word_1_74' title='bbox 861 955 912 1031; x_wconf 88' lang='lat' dir='ltr'>qni</span> <span class='ocrx_word' id='word_1_75' title='bbox 941 957 1010 1014; x_wconf 91' lang='lat' dir='ltr'>sunt</span> <span class='ocrx_word' id='word_1_76' title='bbox 1036 955 1068 1014; x_wconf 92' lang='lat' dir='ltr'>in</span> <span class='ocrx_word' id='word_1_77' title='bbox 1090 955 1205 1030; x_wconf 88' lang='lat' dir='ltr'>plantis</span> 
     </span>
    </p>

    <p class='ocr_par' dir='ltr' id='par_1_5' title="bbox 135 1042 1238 1831">
     <span class='ocr_line' id='line_1_10' title="bbox 135 1042 1205 1122; baseline 0.003 -23"><span class='ocrx_word' id='word_1_78' title='bbox 135 1042 174 1099; x_wconf 82' lang='lat'>41</span> <span class='ocrx_word' id='word_1_79' title='bbox 194 1045 277 1105; x_wconf 87' lang='lat' dir='ltr'>nervi</span> <span class='ocrx_word' id='word_1_80' title='bbox 304 1044 456 1122; x_wconf 85' lang='lat' dir='ltr'>laborant,</span> <span class='ocrx_word' id='word_1_81' title='bbox 485 1044 565 1120; x_wconf 87' lang='lat' dir='ltr'>passi</span> <span class='ocrx_word' id='word_1_82' title='bbox 592 1045 729 1120; x_wconf 87' lang='lat' dir='ltr'>protinus</span> <span class='ocrx_word' id='word_1_83' title='bbox 756 1046 964 1104; x_wconf 89' lang='lat' dir='ltr'>intumescunt.</span> <span class='ocrx_word' id='word_1_84' title='bbox 1010 1044 1137 1103; x_wconf 87' lang='lat' dir='ltr'>maxime</span> <span class='ocrx_word' id='word_1_85' title='bbox 1162 1045 1205 1102; x_wconf 88' lang='lat' dir='ltr'>eis</span> 
     </span>
     <span class='ocr_line' id='line_1_11' title="bbox 193 1129 1238 1211; baseline -0.003 -18"><span class='ocrx_word' id='word_1_86' title='bbox 193 1133 351 1211; x_wconf 88' lang='lat' dir='ltr'>contingit,</span> <span class='ocrx_word' id='word_1_87' title='bbox 383 1133 435 1208; x_wconf 90' lang='lat' dir='ltr'>qui</span> <span class='ocrx_word' id='word_1_88' title='bbox 466 1129 709 1209; x_wconf 78' lang='lat' dir='ltr'>propensioribus</span> <span class='ocrx_word' id='word_1_89' title='bbox 741 1137 772 1192; x_wconf 91' lang='lat' dir='ltr'>et</span> <span class='ocrx_word' id='word_1_90' title='bbox 798 1135 884 1192; x_wconf 85' lang='lat' dir='ltr'>laxae</span> <span class='ocrx_word' id='word_1_91' title='bbox 912 1133 1021 1192; x_wconf 85' lang='lat' dir='ltr'>aetatis</span> <span class='ocrx_word' id='word_1_92' title='bbox 1049 1135 1127 1192; x_wconf 88' lang='lat' dir='ltr'>sunt.</span> <span class='ocrx_word' id='word_1_93' title='bbox 1174 1134 1238 1190; x_wconf 87' lang='lat' dir='ltr'>in1⁰</span> 
     </span>
     <span class='ocr_line' id='line_1_12' title="bbox 194 1221 1205 1299; baseline -0.001 -18"><span class='ocrx_word' id='word_1_94' title='bbox 194 1222 302 1298; x_wconf 87' lang='lat' dir='ltr'>quibus</span> <span class='ocrx_word' id='word_1_95' title='bbox 324 1221 421 1299; x_wconf 87' lang='lat' dir='ltr'>magis</span> <span class='ocrx_word' id='word_1_96' title='bbox 448 1221 596 1281; x_wconf 88' lang='lat' dir='ltr'>ustionem</span> <span class='ocrx_word' id='word_1_97' title='bbox 623 1221 750 1281; x_wconf 86' lang='lat' dir='ltr'>maxime</span> <span class='ocrx_word' id='word_1_98' title='bbox 778 1222 841 1281; x_wconf 91' lang='lat' dir='ltr'>fieri</span> <span class='ocrx_word' id='word_1_99' title='bbox 868 1241 929 1281; x_wconf 90' lang='lat' dir='ltr'>non</span> <span class='ocrx_word' id='word_1_100' title='bbox 956 1222 1050 1280; x_wconf 90' lang='lat' dir='ltr'>debet.</span> <span class='ocrx_word' id='word_1_101' title='bbox 1096 1222 1205 1298; x_wconf 90' lang='lat' dir='ltr'>quibus</span> 
     </span>
     <span class='ocr_line' id='line_1_13' title="bbox 193 1310 1204 1387; baseline 0.002 -19"><span class='ocrx_word' id='word_1_102' title='bbox 193 1311 281 1369; x_wconf 90' lang='lat' dir='ltr'>huius</span> <span class='ocrx_word' id='word_1_103' title='bbox 303 1310 399 1369; x_wconf 92' lang='lat' dir='ltr'>morbi</span> <span class='ocrx_word' id='word_1_104' title='bbox 421 1311 530 1369; x_wconf 84' lang='lat' dir='ltr'>vitium</span> <span class='ocrx_word' id='word_1_105' title='bbox 553 1329 582 1370; x_wconf 91' lang='lat' dir='ltr'>se</span> <span class='ocrx_word' id='word_1_106' title='bbox 606 1311 761 1386; x_wconf 76' lang='lat' dir='ltr'>protrudit</span> <span class='ocrx_word' id='word_1_107' title='bbox 787 1311 819 1370; x_wconf 91' lang='lat' dir='ltr'>in</span> <span class='ocrx_word' id='word_1_108' title='bbox 850 1311 976 1386; x_wconf 88' lang='lat' dir='ltr'>plantis,</span> <span class='ocrx_word' id='word_1_109' title='bbox 1009 1329 1083 1387; x_wconf 88' lang='lat' dir='ltr'>quae</span> <span class='ocrx_word' id='word_1_110' title='bbox 1116 1329 1204 1386; x_wconf 88' lang='lat' dir='ltr'>para-</span> 
     </span>
     <span class='ocr_line' id='line_1_14' title="bbox 192 1399 1204 1477; baseline 0.001 -21"><span class='ocrx_word' id='word_1_111' title='bbox 192 1401 344 1474; x_wconf 88' lang='lat' dir='ltr'>presmata</span> <span class='ocrx_word' id='word_1_112' title='bbox 376 1400 579 1475; x_wconf 88' lang='lat' dir='ltr'>appellantur,</span> <span class='ocrx_word' id='word_1_113' title='bbox 610 1402 664 1458; x_wconf 91' lang='lat' dir='ltr'>ant</span> <span class='ocrx_word' id='word_1_114' title='bbox 696 1400 775 1476; x_wconf 93' lang='lat' dir='ltr'>quod</span> <span class='ocrx_word' id='word_1_115' title='bbox 806 1400 881 1459; x_wconf 83' lang='lat' dir='ltr'>vitio</span> <span class='ocrx_word' id='word_1_116' title='bbox 914 1401 994 1459; x_wconf 86' lang='lat' dir='ltr'>facto</span> <span class='ocrx_word' id='word_1_117' title='bbox 1026 1399 1058 1458; x_wconf 86' lang='lat' dir='ltr'>in</span> <span class='ocrx_word' id='word_1_118' title='bbox 1089 1401 1204 1477; x_wconf 85' lang='lat' dir='ltr'>gennis,</span> 
     </span>
     <span class='ocr_line' id='line_1_15' title="bbox 193 1487 1204 1564; baseline 0.002 -18"><span class='ocrx_word' id='word_1_119' title='bbox 193 1506 253 1546; x_wconf 93' lang='lat' dir='ltr'>non</span> <span class='ocrx_word' id='word_1_120' title='bbox 276 1487 395 1547; x_wconf 87' lang='lat' dir='ltr'>debebit</span> <span class='ocrx_word' id='word_1_121' title='bbox 416 1489 472 1547; x_wconf 91' lang='lat' dir='ltr'>uri.</span> <span class='ocrx_word' id='word_1_122' title='bbox 508 1488 647 1547; x_wconf 86' lang='lat' dir='ltr'>similiter</span> <span class='ocrx_word' id='word_1_123' title='bbox 674 1507 749 1564; x_wconf 89' lang='lat' dir='ltr'>quae</span> <span class='ocrx_word' id='word_1_124' title='bbox 773 1491 843 1547; x_wconf 86' lang='lat' dir='ltr'>sunt</span> <span class='ocrx_word' id='word_1_125' title='bbox 869 1491 902 1548; x_wconf 82' lang='lat' dir='ltr'>in</span> <span class='ocrx_word' id='word_1_126' title='bbox 934 1491 1066 1548; x_wconf 79' lang='lat' dir='ltr'>concavis</span> <span class='ocrx_word' id='word_1_127' title='bbox 1095 1491 1204 1548; x_wconf 79' lang='lat' dir='ltr'>ortica-</span> 
     </span>
     <span class='ocr_line' id='line_1_16' title="bbox 193 1577 1236 1655; baseline 0.001 -21"><span class='ocrx_word' id='word_1_128' title='bbox 193 1577 300 1646; x_wconf 85' lang='lat' dir='ltr'>lcrwm,</span> <span class='ocrx_word' id='word_1_129' title='bbox 332 1579 415 1637; x_wconf 79' lang='lat' dir='ltr'>inuri</span> <span class='ocrx_word' id='word_1_130' title='bbox 442 1595 502 1636; x_wconf 79' lang='lat' dir='ltr'>noc</span> <span class='ocrx_word' id='word_1_131' title='bbox 528 1579 637 1639; x_wconf 80' lang='lat' dir='ltr'>debent.</span> <span class='ocrx_word' id='word_1_132' title='bbox 682 1577 831 1655; x_wconf 87' lang='lat' dir='ltr'>contingit</span> <span class='ocrx_word' id='word_1_133' title='bbox 858 1579 937 1636; x_wconf 90' lang='lat' dir='ltr'>enirn</span> <span class='ocrx_word' id='word_1_134' title='bbox 969 1577 1203 1636; x_wconf 83' lang='lat' dir='ltr'>contractionem</span> <span class='ocrx_word' id='word_1_135' title='bbox 1216 1587 1236 1627; x_wconf 76' lang='lat'>1⁵</span> 
     </span>
     <span class='ocr_line' id='line_1_17' title="bbox 192 1665 1203 1742; baseline 0.002 -20"><span class='ocrx_word' id='word_1_136' title='bbox 192 1665 265 1726; x_wconf 90' lang='lat' dir='ltr'>fieri.</span> <span class='ocrx_word' id='word_1_137' title='bbox 311 1669 387 1740; x_wconf 77' lang='lat' dir='ltr'>qaod</span> <span class='ocrx_word' id='word_1_138' title='bbox 404 1670 528 1740; x_wconf 80' lang='lat' dir='ltr'>peccant</span> <span class='ocrx_word' id='word_1_139' title='bbox 548 1668 694 1740; x_wconf 78' lang='lat' dir='ltr'>facientes.</span> <span class='ocrx_word' id='word_1_140' title='bbox 739 1686 800 1725; x_wconf 92' lang='lat' dir='ltr'>non</span> <span class='ocrx_word' id='word_1_141' title='bbox 823 1667 902 1726; x_wconf 90' lang='lat' dir='ltr'>enim</span> <span class='ocrx_word' id='word_1_142' title='bbox 924 1668 1024 1742; x_wconf 86' lang='lat' dir='ltr'>potest</span> <span class='ocrx_word' id='word_1_143' title='bbox 1051 1666 1203 1742; x_wconf 76' lang='lat' dir='ltr'>deducere,</span> 
     </span>
     <span class='ocr_line' id='line_1_18' title="bbox 194 1754 728 1831; baseline 0.002 -19"><span class='ocrx_word' id='word_1_144' title='bbox 194 1755 245 1813; x_wconf 87' lang='lat' dir='ltr'>sed</span> <span class='ocrx_word' id='word_1_145' title='bbox 267 1754 301 1813; x_wconf 79' lang='lat' dir='ltr'>fit</span> <span class='ocrx_word' id='word_1_146' title='bbox 324 1755 455 1831; x_wconf 83' lang='lat' dir='ltr'>claudus,</span> <span class='ocrx_word' id='word_1_147' title='bbox 474 1755 500 1814; x_wconf 88' lang='lat' dir='ltr'>si</span> <span class='ocrx_word' id='word_1_148' title='bbox 522 1758 607 1814; x_wconf 89' lang='lat' dir='ltr'>ustus</span> <span class='ocrx_word' id='word_1_149' title='bbox 629 1755 728 1814; x_wconf 87' lang='lat' dir='ltr'>fuerit.</span> 
     </span>
    </p>

    <p class='ocr_par' dir='ltr' id='par_1_6' title="bbox 137 1840 1236 2080">
     <span class='ocr_line' id='line_1_19' title="bbox 137 1840 1204 1920; baseline 0.005 -23"><span class='ocrx_word' id='word_1_150' title='bbox 137 1840 177 1898; x_wconf 76' lang='lat'>42</span> <span class='ocrx_word' id='word_1_151' title='bbox 261 1843 425 1903; x_wconf 86' lang='lat' dir='ltr'>farcimina.</span> <span class='ocrx_word' id='word_1_152' title='bbox 465 1846 654 1903; x_wconf 87' lang='lat' dir='ltr'>suntantem</span> <span class='ocrx_word' id='word_1_153' title='bbox 675 1864 729 1920; x_wconf 90' lang='lat' dir='ltr'>per</span> <span class='ocrx_word' id='word_1_154' title='bbox 752 1844 925 1903; x_wconf 82' lang='lat' dir='ltr'>sevitiam</span> <span class='ocrx_word' id='word_1_155' title='bbox 948 1862 1069 1919; x_wconf 86' lang='lat' dir='ltr'>corpore</span> <span class='ocrx_word' id='word_1_156' title='bbox 1092 1843 1204 1902; x_wconf 86' lang='lat' dir='ltr'>similia</span> 
     </span>
     <span class='ocr_line' id='line_1_20' title="bbox 193 1932 1203 2035; baseline 0 -45"><span class='ocrx_word' id='word_1_157' title='bbox 193 1932 370 2010; x_wconf 72' lang='lat' dir='ltr'>furimculis,</span> <span class='ocrx_word' id='word_1_158' title='bbox 395 1951 470 2008; x_wconf 88' lang='lat' dir='ltr'>quae</span> <span class='ocrx_word' id='word_1_159' title='bbox 494 1933 667 2035; x_wconf 87' lang='lat' dir='ltr'>collectione</span> <span class='ocrx_word' id='word_1_160' title='bbox 691 1933 763 1992; x_wconf 82' lang='lat' dir='ltr'>foris</span> <span class='ocrx_word' id='word_1_161' title='bbox 790 1933 918 2008; x_wconf 86' lang='lat' dir='ltr'>faciunt,</span> <span class='ocrx_word' id='word_1_162' title='bbox 946 1951 1022 2008; x_wconf 88' lang='lat' dir='ltr'>quae</span> <span class='ocrx_word' id='word_1_163' title='bbox 1051 1935 1203 2008; x_wconf 87' lang='lat' dir='ltr'>rumpunt.</span> 
     </span>
     <span class='ocr_line' id='line_1_21' title="bbox 192 2022 1236 2080; baseline 0 0"><span class='ocrx_word' id='word_1_164' title='bbox 192 2022 244 2080; x_wconf 81' lang='lat' dir='ltr'>sed</span> <span class='ocrx_word' id='word_1_165' title='bbox 266 2025 293 2080; x_wconf 78' lang='lat' dir='ltr'>et</span> <span class='ocrx_word' id='word_1_166' title='bbox 313 2023 383 2080; x_wconf 83' lang='lat' dir='ltr'>baec</span> <span class='ocrx_word' id='word_1_167' title='bbox 404 2039 464 2080; x_wconf 75' lang='lat' dir='ltr'>raon</span> <span class='ocrx_word' id='word_1_168' title='bbox 486 2023 658 2080; x_wconf 74' lang='lat' dir='ltr'>debentem</span> <span class='ocrx_word' id='word_1_169' title='bbox 1216 2031 1236 2070; x_wconf 74' lang='lat'>²⁰</span> 
     </span>
    </p>

    <p class='ocr_par' dir='ltr' id='par_1_7' title="bbox 192 2109 1252 2522">
     <span class='ocr_line' id='line_1_22' title="bbox 259 2109 1203 2185; baseline 0.001 -17"><span class='ocrx_word' id='word_1_170' title='bbox 259 2109 334 2168; x_wconf 88' lang='lat' dir='ltr'>XHI</span> <span class='ocrx_word' id='word_1_171' title='bbox 357 2109 389 2168; x_wconf 84' lang='lat' dir='ltr'>Si</span> <span class='ocrx_word' id='word_1_172' title='bbox 416 2110 464 2169; x_wconf 92' lang='lat' dir='ltr'>cui</span> <span class='ocrx_word' id='word_1_173' title='bbox 490 2110 654 2168; x_wconf 85' lang='lat' dir='ltr'>iumento‘</span> <span class='ocrx_word' id='word_1_174' title='bbox 646 2130 678 2167; x_wconf 84' lang='lat' dir='ltr'>rn</span> <span class='ocrx_word' id='word_1_175' title='bbox 704 2109 769 2185; x_wconf 87' lang='lat' dir='ltr'>ipsc</span> <span class='ocrx_word' id='word_1_176' title='bbox 792 2109 927 2168; x_wconf 85' lang='lat' dir='ltr'>folliculo</span> <span class='ocrx_word' id='word_1_177' title='bbox 950 2129 1090 2169; x_wconf 85' lang='lat' dir='ltr'>verrucae</span> <span class='ocrx_word' id='word_1_178' title='bbox 1112 2112 1203 2169; x_wconf 88' lang='lat' dir='ltr'>natae</span> 
     </span>
     <span class='ocr_line' id='line_1_23' title="bbox 192 2198 1252 2274; baseline 0.003 -19"><span class='ocrx_word' id='word_1_179' title='bbox 192 2198 306 2256; x_wconf 84' lang='lat' dir='ltr'>fuerint</span> <span class='ocrx_word' id='word_1_180' title='bbox 327 2198 375 2257; x_wconf 87' lang='lat' dir='ltr'>vel</span> <span class='ocrx_word' id='word_1_181' title='bbox 398 2217 517 2274; x_wconf 90' lang='lat' dir='ltr'>quoquo</span> <span class='ocrx_word' id='word_1_182' title='bbox 545 2199 650 2258; x_wconf 91' lang='lat' dir='ltr'>loco&#39;</span> <span class='ocrx_word' id='word_1_183' title='bbox 641 2217 674 2257; x_wconf 87' lang='grc' dir='ltr'>ιιι</span> <span class='ocrx_word' id='word_1_184' title='bbox 701 2217 835 2274; x_wconf 88' lang='lat' dir='ltr'>corpore,</span> <span class='ocrx_word' id='word_1_185' title='bbox 866 2199 907 2258; x_wconf 87' lang='lat' dir='ltr'>sic</span> <span class='ocrx_word' id='word_1_186' title='bbox 936 2198 1059 2258; x_wconf 88' lang='lat' dir='ltr'>curabis.</span> <span class='ocrx_word' id='word_1_187' title='bbox 1105 2199 1203 2274; x_wconf 89' lang='lat' dir='ltr'>primo</span> <span class='ocrx_word' id='word_1_188' title='bbox 1251 2239 1252 2246; x_wconf 34' lang='grc' dir='ltr'><strong>ι</strong></span> 
     </span>
     <span class='ocr_line' id='line_1_24' title="bbox 193 2286 1204 2365; baseline 0.002 -21"><span class='ocrx_word' id='word_1_189' title='bbox 193 2286 254 2344; x_wconf 89' lang='lat' dir='ltr'>lino</span> <span class='ocrx_word' id='word_1_190' title='bbox 282 2286 379 2362; x_wconf 88' lang='lat' dir='ltr'>ipsam</span> <span class='ocrx_word' id='word_1_191' title='bbox 406 2305 564 2365; x_wconf 81' lang='lat' dir='ltr'>verrugam</span> <span class='ocrx_word' id='word_1_192' title='bbox 595 2287 718 2364; x_wconf 81' lang='lat' dir='ltr'>ligabis,</span> <span class='ocrx_word' id='word_1_193' title='bbox 752 2287 857 2346; x_wconf 91' lang='lat' dir='ltr'>deinde</span> <span class='ocrx_word' id='word_1_194' title='bbox 888 2288 1051 2347; x_wconf 85' lang='lat' dir='ltr'>caustioum</span> <span class='ocrx_word' id='word_1_195' title='bbox 1081 2287 1204 2346; x_wconf 89' lang='lat' dir='ltr'>crudum</span> 
     </span>
     <span class='ocr_line' id='line_1_25' title="bbox 193 2375 1203 2452; baseline 0.002 -19"><span class='ocrx_word' id='word_1_196' title='bbox 193 2375 322 2450; x_wconf 86' lang='lat' dir='ltr'>imponis</span> <span class='ocrx_word' id='word_1_197' title='bbox 351 2376 400 2434; x_wconf 87' lang='lat' dir='ltr'>vel</span> <span class='ocrx_word' id='word_1_198' title='bbox 429 2376 609 2435; x_wconf 83' lang='lat' dir='ltr'>ferramento</span> <span class='ocrx_word' id='word_1_199' title='bbox 639 2376 801 2452; x_wconf 86' lang='lat' dir='ltr'>praecidis,</span> <span class='ocrx_word' id='word_1_200' title='bbox 831 2376 963 2436; x_wconf 84' lang='lat' dir='ltr'>cauterio</span> <span class='ocrx_word' id='word_1_201' title='bbox 994 2376 1109 2435; x_wconf 79' lang='lat' dir='ltr'>adures</span> <span class='ocrx_word' id='word_1_202' title='bbox 1161 2378 1203 2435; x_wconf 90' lang='lat' dir='ltr'>sic</span> 
     </span>
     <span class='ocr_line' id='line_1_26' title="bbox 194 2463 1235 2522; baseline 0 0"><span class='ocrx_word' id='word_1_203' title='bbox 194 2482 299 2522; x_wconf 89' lang='lat' dir='ltr'>sanum</span> <span class='ocrx_word' id='word_1_204' title='bbox 321 2463 381 2522; x_wconf 85' lang='lat' dir='ltr'>fiet</span> <span class='ocrx_word' id='word_1_205' title='bbox 1214 2471 1235 2513; x_wconf 71' lang='lat'>³⁵</span> 
     </span>
    </p>

    <p class='ocr_par' dir='ltr' id='par_1_8' title="bbox 139 2551 1203 2720">
     <span class='ocr_line' id='line_1_27' title="bbox 139 2551 1203 2629; baseline 0.004 -22"><span class='ocrx_word' id='word_1_206' title='bbox 139 2551 177 2608; x_wconf 73' lang='lat' dir='ltr'>la</span> <span class='ocrx_word' id='word_1_207' title='bbox 261 2552 333 2612; x_wconf 91' lang='lat' dir='ltr'>XIV</span> <span class='ocrx_word' id='word_1_208' title='bbox 364 2552 396 2612; x_wconf 82' lang='lat' dir='ltr'>Si</span> <span class='ocrx_word' id='word_1_209' title='bbox 426 2555 506 2629; x_wconf 93' lang='lat' dir='ltr'>quod</span> <span class='ocrx_word' id='word_1_210' title='bbox 539 2555 706 2612; x_wconf 88' lang='lat' dir='ltr'>iumentum</span> <span class='ocrx_word' id='word_1_211' title='bbox 735 2572 808 2613; x_wconf 82' lang='lat' dir='ltr'>coxa</span> <span class='ocrx_word' id='word_1_212' title='bbox 841 2554 950 2612; x_wconf 88' lang='lat' dir='ltr'>misera</span> <span class='ocrx_word' id='word_1_213' title='bbox 979 2552 1130 2629; x_wconf 88' lang='lat' dir='ltr'>habuerit,</span> <span class='ocrx_word' id='word_1_214' title='bbox 1161 2554 1203 2611; x_wconf 88' lang='lat' dir='ltr'>sic</span> 
     </span>
     <span class='ocr_line' id='line_1_28' title="bbox 193 2641 1203 2720; baseline 0.002 -20"><span class='ocrx_word' id='word_1_215' title='bbox 193 2643 305 2701; x_wconf 86' lang='lat' dir='ltr'>curato.</span> <span class='ocrx_word' id='word_1_216' title='bbox 345 2643 520 2720; x_wconf 87' lang='lat' dir='ltr'>sanguinem</span> <span class='ocrx_word' id='word_1_217' title='bbox 542 2643 656 2702; x_wconf 85' lang='lat' dir='ltr'>mittito</span> <span class='ocrx_word' id='word_1_218' title='bbox 680 2641 886 2720; x_wconf 86' lang='lat' dir='ltr'>avisoeribus,</span> <span class='ocrx_word' id='word_1_219' title='bbox 911 2642 1038 2718; x_wconf 83' lang='lat' dir='ltr'>excipito</span> <span class='ocrx_word' id='word_1_220' title='bbox 1066 2641 1098 2701; x_wconf 89' lang='lat' dir='ltr'>in</span> <span class='ocrx_word' id='word_1_221' title='bbox 1122 2660 1203 2717; x_wconf 87' lang='lat' dir='ltr'>vaso,</span> 
     </span>
    </p>
   </div>
   <div class='ocr_carea' id='block_1_4' title="bbox 193 2827 1250 3611">
    <p class='ocr_par' dir='ltr' id='par_1_9' title="bbox 193 2827 1250 3611">
     <span class='ocr_line' id='line_1_29' title="bbox 265 2827 1250 2912; baseline -0.002 -29"><span class='ocrx_word' id='word_1_222' title='bbox 265 2837 280 2883; x_wconf 83' lang='lat'><strong>2</strong></span> <span class='ocrx_word' id='word_1_223' title='bbox 301 2829 396 2885; x_wconf 87' lang='lat' dir='ltr'>arenio</span> <span class='ocrx_word' id='word_1_224' title='bbox 417 2832 426 2900; x_wconf 95' lang='grc'>11</span> <span class='ocrx_word' id='word_1_225' title='bbox 449 2835 465 2882; x_wconf 83' lang='lat'><strong>3</strong></span> <span class='ocrx_word' id='word_1_226' title='bbox 484 2828 621 2884; x_wconf 83' lang='lat' dir='ltr'>offensum</span> <span class='ocrx_word' id='word_1_227' title='bbox 639 2830 717 2897; x_wconf 74' lang='lat' dir='ltr'>infra</span> <span class='ocrx_word' id='word_1_228' title='bbox 739 2831 748 2898; x_wconf 95' lang='grc'>11</span> <span class='ocrx_word' id='word_1_229' title='bbox 770 2835 787 2883; x_wconf 82' lang='lat'>4</span> <span class='ocrx_word' id='word_1_230' title='bbox 807 2827 970 2912; x_wconf 78' lang='lat' dir='ltr'>dodiginem</span> <span class='ocrx_word' id='word_1_231' title='bbox 987 2828 1086 2910; x_wconf 80' lang='lat' dir='ltr'>parali</span> <span class='ocrx_word' id='word_1_232' title='bbox 1100 2827 1177 2897; x_wconf 89' lang='lat' dir='ltr'>quod</span> <span class='ocrx_word' id='word_1_233' title='bbox 1197 2828 1200 2899; x_wconf 94' lang='grc'>1</span> <span class='ocrx_word' id='word_1_234' title='bbox 1249 2871 1250 2874; x_wconf 63' lang='lat'>,</span> 
     </span>
     <span class='ocr_line' id='line_1_30' title="bbox 193 2898 1203 2983; baseline -0.005 -28"><span class='ocrx_word' id='word_1_235' title='bbox 193 2919 261 2956; x_wconf 82' lang='lat' dir='ltr'>cum</span> <span class='ocrx_word' id='word_1_236' title='bbox 277 2902 460 2981; x_wconf 77' lang='lat' dir='ltr'>supplendum</span> <span class='ocrx_word' id='word_1_237' title='bbox 477 2899 603 2955; x_wconf 83' lang='lat' dir='ltr'>incidat?</span> <span class='ocrx_word' id='word_1_238' title='bbox 623 2904 652 2955; x_wconf 89' lang='lat' dir='ltr'>et</span> <span class='ocrx_word' id='word_1_239' title='bbox 668 2899 818 2983; x_wconf 83' lang='lat' dir='ltr'>in&lt;ci&gt;det</span> <span class='ocrx_word' id='word_1_240' title='bbox 831 2901 859 2953; x_wconf 92' lang='lat' dir='ltr'><em>B</em></span> <span class='ocrx_word' id='word_1_241' title='bbox 879 2905 884 2969; x_wconf 94' lang='grc'>1</span> <span class='ocrx_word' id='word_1_242' title='bbox 908 2899 974 2954; x_wconf 90' lang='lat' dir='ltr'>inde</span> <span class='ocrx_word' id='word_1_243' title='bbox 992 2898 1136 2954; x_wconf 85' lang='lat' dir='ltr'>claudicat</span> <span class='ocrx_word' id='word_1_244' title='bbox 1152 2915 1203 2968; x_wconf 89' lang='lat' dir='ltr'>per</span> 
     </span>
     <span class='ocr_line' id='line_1_31' title="bbox 194 2969 1248 3042; baseline -0.003 -16"><span class='ocrx_word' id='word_1_245' title='bbox 194 2971 310 3042; x_wconf 92' lang='lat' dir='ltr'>aliquod</span> <span class='ocrx_word' id='word_1_246' title='bbox 328 2970 462 3042; x_wconf 85' lang='lat' dir='ltr'>temporis</span> <span class='ocrx_word' id='word_1_247' title='bbox 485 2974 515 3027; x_wconf 89' lang='lat' dir='ltr'>et</span> <span class='ocrx_word' id='word_1_248' title='bbox 531 2988 582 3041; x_wconf 87' lang='lat' dir='ltr'>per</span> <span class='ocrx_word' id='word_1_249' title='bbox 599 2970 803 3042; x_wconf 85' lang='lat' dir='ltr'>negligentiam</span> <span class='ocrx_word' id='word_1_250' title='bbox 822 2973 930 3025; x_wconf 84' lang='lat' dir='ltr'>crescat</span> <span class='ocrx_word' id='word_1_251' title='bbox 948 2973 998 3025; x_wconf 87' lang='lat' dir='ltr'>aut</span> <span class='ocrx_word' id='word_1_252' title='bbox 1015 2969 1112 3041; x_wconf 88' lang='lat' dir='ltr'>lapsus</span> <span class='ocrx_word' id='word_1_253' title='bbox 1130 2970 1202 3024; x_wconf 87' lang='lat' dir='ltr'>ceci·</span> <span class='ocrx_word' id='word_1_254' title='bbox 1247 3033 1248 3038; x_wconf 13' lang='grc'>1</span> 
     </span>
     <span class='ocr_line' id='line_1_32' title="bbox 194 3041 1249 3115; baseline 0 -20"><span class='ocrx_word' id='word_1_255' title='bbox 194 3042 268 3098; x_wconf 90' lang='lat' dir='ltr'>derit</span> <span class='ocrx_word' id='word_1_256' title='bbox 285 3044 364 3110; x_wconf 78' lang='lat' dir='ltr'>infra</span> <span class='ocrx_word' id='word_1_257' title='bbox 377 3046 416 3113; x_wconf 85' lang='grc'>116</span> <span class='ocrx_word' id='word_1_258' title='bbox 434 3042 531 3113; x_wconf 82' lang='lat' dir='ltr'>lapsus</span> <span class='ocrx_word' id='word_1_259' title='bbox 553 3059 638 3112; x_wconf 90' lang='lat' dir='ltr'>quae·</span> <span class='ocrx_word' id='word_1_260' title='bbox 660 3043 752 3115; x_wconf 75' lang='lat' dir='ltr'>(ant)</span> <span class='ocrx_word' id='word_1_261' title='bbox 770 3042 866 3112; x_wconf 85' lang='lat' dir='ltr'>lapsus</span> <span class='ocrx_word' id='word_1_262' title='bbox 886 3042 982 3114; x_wconf 89' lang='lat' dir='ltr'>[quae]</span> <span class='ocrx_word' id='word_1_263' title='bbox 1001 3041 1029 3096; x_wconf 92' lang='lat' dir='ltr'><em>B</em></span> <span class='ocrx_word' id='word_1_264' title='bbox 1047 3045 1090 3113; x_wconf 94' lang='grc'>116</span> <span class='ocrx_word' id='word_1_265' title='bbox 1109 3058 1202 3096; x_wconf 85' lang='lat' dir='ltr'>rarum</span> <span class='ocrx_word' id='word_1_266' title='bbox 1248 3101 1249 3108; x_wconf 39' lang='lat'>,</span> 
     </span>
     <span class='ocr_line' id='line_1_33' title="bbox 193 3114 1249 3186; baseline -0.006 -17"><span class='ocrx_word' id='word_1_267' title='bbox 193 3116 284 3181; x_wconf 79' lang='lat' dir='ltr'>infra.</span> <span class='ocrx_word' id='word_1_268' title='bbox 307 3131 420 3169; x_wconf 88' lang='lat' dir='ltr'>suorum</span> <span class='ocrx_word' id='word_1_269' title='bbox 435 3115 440 3185; x_wconf 91' lang='grc'>1</span> <span class='ocrx_word' id='word_1_270' title='bbox 455 3115 570 3180; x_wconf 77' lang='lat' dir='ltr'>sortasse</span> <span class='ocrx_word' id='word_1_271' title='bbox 585 3130 637 3183; x_wconf 86' lang='lat' dir='ltr'>pro</span> <span class='ocrx_word' id='word_1_272' title='bbox 657 3130 688 3168; x_wconf 91' lang='lat' dir='ltr'>os</span> <span class='ocrx_word' id='word_1_273' title='bbox 705 3114 877 3169; x_wconf 77' lang='lat' dir='ltr'>scribendum</span> <span class='ocrx_word' id='word_1_274' title='bbox 899 3120 937 3168; x_wconf 81' lang='lat' dir='ltr'>est</span> <span class='ocrx_word' id='word_1_275' title='bbox 954 3129 1049 3167; x_wconf 88' lang='lat' dir='ltr'>ossum</span> <span class='ocrx_word' id='word_1_276' title='bbox 1070 3114 1112 3168; x_wconf 80' lang='lat' dir='ltr'>oet</span> <span class='ocrx_word' id='word_1_277' title='bbox 1130 3128 1202 3177; x_wconf 83' lang='lat' dir='ltr'>osen,</span> <span class='ocrx_word' id='word_1_278' title='bbox 1246 3149 1249 3186; x_wconf 12' lang='lat'>¹,</span> 
     </span>
     <span class='ocr_line' id='line_1_34' title="bbox 193 3183 1201 3325; baseline -0.002 -15"><span class='ocrx_word' id='word_1_279' title='bbox 193 3183 1201 3325; x_wconf 50' lang='lat' dir='ltr'>iuaiiuffldciddacddrdsss(dwdbqwddtvdddrocoffispiidgdircsdtmbddltbrc</span> 
     </span>
     <span class='ocr_line' id='line_1_35' title="bbox 193 3325 1247 3397; baseline 0 -19"><span class='ocrx_word' id='word_1_280' title='bbox 193 3325 299 3395; x_wconf 87' lang='lat' dir='ltr'>plantis</span> <span class='ocrx_word' id='word_1_281' title='bbox 328 3328 338 3396; x_wconf 96' lang='grc'>11</span> <span class='ocrx_word' id='word_1_282' title='bbox 368 3333 402 3381; x_wconf 84' lang='grc'>14</span> <span class='ocrx_word' id='word_1_283' title='bbox 420 3344 457 3397; x_wconf 76' lang='lat' dir='ltr'>sq</span> <span class='ocrx_word' id='word_1_284' title='bbox 476 3327 555 3381; x_wconf 79' lang='lat' dir='ltr'>in-</span> <span class='ocrx_word' id='word_1_285' title='bbox 570 3327 674 3381; x_wconf 87' lang='lat' dir='ltr'>debent</span> <span class='ocrx_word' id='word_1_286' title='bbox 696 3328 803 3396; x_wconf 78' lang='lat' dir='ltr'>supplet</span> <span class='ocrx_word' id='word_1_287' title='bbox 819 3328 898 3393; x_wconf 80' lang='lat' dir='ltr'>infra</span> <span class='ocrx_word' id='word_1_288' title='bbox 916 3331 972 3381; x_wconf 83' lang='grc'>468</span> <span class='ocrx_word' id='word_1_289' title='bbox 992 3331 1002 3392; x_wconf 94' lang='grc'>11</span> <span class='ocrx_word' id='word_1_290' title='bbox 1024 3331 1058 3380; x_wconf 80' lang='lat'>15</span> <span class='ocrx_word' id='word_1_291' title='bbox 1077 3328 1201 3381; x_wconf 88' lang='lat' dir='ltr'>contrac-</span> <span class='ocrx_word' id='word_1_292' title='bbox 1246 3343 1247 3394; x_wconf 75' lang='grc'>1</span> 
     </span>
     <span class='ocr_line' id='line_1_36' title="bbox 194 3396 1201 3476; baseline -0.003 -26"><span class='ocrx_word' id='word_1_293' title='bbox 194 3397 300 3450; x_wconf 88' lang='lat' dir='ltr'>tionem</span> <span class='ocrx_word' id='word_1_294' title='bbox 322 3399 412 3464; x_wconf 80' lang='lat' dir='ltr'>infra:</span> <span class='ocrx_word' id='word_1_295' title='bbox 441 3399 539 3452; x_wconf 87' lang='lat' dir='ltr'>contra</span> <span class='ocrx_word' id='word_1_296' title='bbox 561 3398 700 3453; x_wconf 85' lang='lat' dir='ltr'>rationem</span> <span class='ocrx_word' id='word_1_297' title='bbox 730 3400 740 3468; x_wconf 96' lang='grc'>11</span> <span class='ocrx_word' id='word_1_298' title='bbox 773 3403 805 3452; x_wconf 88' lang='grc'>16</span> <span class='ocrx_word' id='word_1_299' title='bbox 829 3397 904 3465; x_wconf 93' lang='lat' dir='ltr'>quod</span> <span class='ocrx_word' id='word_1_300' title='bbox 925 3398 1045 3467; x_wconf 83' lang='lat' dir='ltr'>peccant</span> <span class='ocrx_word' id='word_1_301' title='bbox 1066 3396 1201 3476; x_wconf 82' lang='lat' dir='ltr'>facientes¹</span> 
     </span>
     <span class='ocr_line' id='line_1_37' title="bbox 193 3465 1202 3538; baseline 0.003 -17"><span class='ocrx_word' id='word_1_302' title='bbox 193 3468 316 3522; x_wconf 65' lang='lat' dir='ltr'>badim</span> <span class='ocrx_word' id='word_1_303' title='bbox 335 3470 344 3537; x_wconf 92' lang='grc'>11</span> <span class='ocrx_word' id='word_1_304' title='bbox 368 3473 400 3521; x_wconf 80' lang='grc'>17</span> <span class='ocrx_word' id='word_1_305' title='bbox 419 3469 502 3523; x_wconf 81' lang='lat' dir='ltr'>etiam</span> <span class='ocrx_word' id='word_1_306' title='bbox 518 3471 585 3524; x_wconf 78' lang='lat' dir='ltr'>baec</span> <span class='ocrx_word' id='word_1_307' title='bbox 601 3475 730 3524; x_wconf 62' lang='lat' dir='ltr'>runcato</span> <span class='ocrx_word' id='word_1_308' title='bbox 747 3475 824 3536; x_wconf 81' lang='lat' dir='ltr'>ewnt,</span> <span class='ocrx_word' id='word_1_309' title='bbox 843 3470 877 3536; x_wconf 76' lang='lat' dir='ltr'>ef.</span> <span class='ocrx_word' id='word_1_310' title='bbox 897 3469 976 3535; x_wconf 75' lang='lat' dir='ltr'>infra</span> <span class='ocrx_word' id='word_1_311' title='bbox 997 3470 1007 3538; x_wconf 96' lang='grc'>11</span> <span class='ocrx_word' id='word_1_312' title='bbox 1029 3473 1064 3522; x_wconf 73' lang='lat'>20</span> <span class='ocrx_word' id='word_1_313' title='bbox 1078 3465 1202 3537; x_wconf 75' lang='lat' dir='ltr'>prompsi</span> 
     </span>
     <span class='ocr_line' id='line_1_38' title="bbox 194 3539 1035 3611; baseline 0 -17"><span class='ocrx_word' id='word_1_314' title='bbox 194 3539 590 3608; x_wconf 65' lang='grc'>994681121191996826</span> <span class='ocrx_word' id='word_1_315' title='bbox 613 3541 675 3611; x_wconf 75' lang='lat' dir='ltr'>ch.</span> <span class='ocrx_word' id='word_1_316' title='bbox 701 3540 847 3610; x_wconf 74' lang='lat' dir='ltr'>V161126</span> <span class='ocrx_word' id='word_1_317' title='bbox 871 3539 1035 3610; x_wconf 69' lang='grc'>7991717</span> 
     </span>
    </p>
   </div>
   <div class='ocr_carea' id='block_1_5' title="bbox 0 0 1260 3906">
    <p class='ocr_par' dir='ltr' id='par_1_10' title="bbox 0 0 1260 3906">
     <span class='ocr_line' id='line_1_39' title="bbox 0 0 1260 3906; baseline 0 1"><span class='ocrx_word' id='word_1_318' title='bbox 0 0 1260 3906; x_wconf 95' lang='lat' dir='ltr'> </span> 
     </span>
    </p>
   </div>
  </div>
 </body>
</html>
