2512 3906
203 188 210 250 1
249 181 531 237 MULOMEDIGINA
549 180 719 236 CHIRONIS
739 187 844 235 63-66
1011 180 1054 243 23

52 335 80 390 et
100 333 164 392 oleo
186 335 216 391 et
238 333 300 392 sale
322 333 429 408 mixto,
461 332 636 391 lemniscum
663 333 807 391 satiatum
834 333 974 410 subigito,
1004 350 1054 391 cu-

49 424 110 480 rato
132 441 187 497 per
208 423 321 497 triduo,
349 422 441 480 donec
464 422 564 480 fervor
593 423 624 480 et
649 423 749 479 tumor
776 421 900 480 desinat.
946 421 1052 480 deinde

47 513 212 587 percurato,
244 511 321 570 sicut
350 528 447 586 supra.
498 529 603 568 sanum
629 509 688 570 fiet.
740 509 902 568 difficiliter
930 511 1049 586 quidem
1068 516 1107 570 03

46 594 194 658 baseleca
208 602 352 658 sanantur
366 601 396 657 et
414 600 507 676 tarde,
531 599 590 657 cito
611 599 689 657 euim
706 599 753 657 his
772 599 845 658 locis
862 599 980 657 fistulae
998 619 1051 658 na-

21 691 174 746 asountur.
210 689 337 764 quodsi
361 707 450 764 supra
474 687 591 764 scriptis
614 686 701 746 rebus
725 708 760 746 ex
783 706 872 746 causa
895 705 968 746 sana
991 707 1052 746 non

44 777 164 854 fuerint,
184 777 274 852 urite,
292 777 432 835 cauteriis
450 779 562 852 puncta
579 777 761 852 interponito
778 778 808 834 et
826 777 939 836 11011100
953 779 1055 852 partes

43 866 132 941 mito,
151 866 196 924 ita
213 869 248 924 ut
266 869 364 924 cutem
382 868 413 924 et
431 884 552 925 oausam
564 865 690 924 ulterius
708 883 909 941 praerumpas
939 867 1052 940 curato,

44 955 191 1030 quomodo
215 957 333 1030 oportet
352 949 356 1033 1
377 973 467 1013 causa
490 955 594 1013 curari.
641 955 682 1013 sic
706 973 811 1012 sanum
833 955 891 1012 fiet.
1077 961 1189 1019 108'2.

106 1043 155 1102 IV
175 1043 374 1118 Quodcunque
392 1043 559 1102 iumentum
576 1043 608 1100 in
623 1043 715 1102 oculis
730 1043 891 1101 trichiasim
909 1042 1050 1118 patietur,
1069 1045 1109 1102 64

8 1149 30 1188 ro
41 1131 72 1190 id
93 1135 150 1210 est,
173 1135 208 1190 ut
230 1132 373 1208 palpebra
396 1133 459 1191 eius
482 1133 634 1207 superiora
657 1133 782 1190 ulterius
810 1133 880 1191 cilia
902 1132 1054 1204 infertent,

42 1221 82 1279 sic
114 1241 185 1279 eum
217 1223 328 1280 curato.
375 1221 428 1279 sub
460 1221 558 1297 ipsum
589 1220 765 1296 palpebram
795 1221 877 1280 intus
910 1220 1051 1296 scalpello

41 1310 165 1387 plagam
187 1310 330 1369 directam
349 1310 401 1368 das
420 1328 502 1368 secus
523 1310 604 1385 ipsos
622 1311 708 1386 pilos,
731 1311 767 1367 ut
784 1310 960 1384 palpebram
978 1309 1051 1368 foris

41 1417 144 1458 versus
167 1398 257 1457 laxes.
303 1398 408 1457 deinde
430 1401 465 1456 ut
487 1399 560 1456 foris
583 1417 684 1458 versus
712 1399 797 1456 iuxta
823 1399 922 1474 ipsum
948 1399 1052 1475 palpe-

40 1487 126 1546 brum
141 1490 174 1545 et
191 1488 326 1562 superius
343 1487 493 1546 forficibus
512 1487 669 1546 fasciolum
687 1487 839 1563 praecides
857 1508 912 1563 per
928 1488 1052 1565 longum

6 1591 27 1630 15
42 1577 79 1634 ad
106 1577 281 1635 diastimam
309 1577 394 1635 oculi.
441 1576 545 1634 deinde
574 1579 604 1634 et
629 1576 737 1634 fibulas
763 1576 898 1652 impones
926 1579 957 1635 et
985 1595 1055 1635 con·

40 1666 171 1743 stringes
198 1665 373 1741 palpebrum
395 1665 469 1723 foris
496 1683 610 1740 versus,
641 1665 788 1740 quomodo
816 1665 872 1723 tibi
896 1665 1052 1739 aequalem

40 1756 138 1813 visum
162 1755 261 1829 fuerit,
289 1756 324 1812 ut
345 1754 431 1812 ambo
457 1754 534 1812 oculi
562 1754 624 1812 sine
649 1753 837 1812 deformitate
861 1753 928 1812 sint.
965 1772 1046 1811 mero
1066 1757 1106 1812 65

42 1847 70 1901 et
97 1844 166 1902 oleo
201 1843 327 1901 motoria
359 1843 482 1902 satiabis
511 1845 541 1901 et
569 1861 657 1918 super
683 1843 715 1899 in
744 1861 833 1902 causa
865 1842 993 1917 imponis
1023 1844 1053 1900 et

41 1931 201 2010 spongiola
223 1932 333 1990 satiato
361 1932 515 2009 imposita,
543 1931 681 1990 fasciabis
710 1931 828 1990 oculum
855 1951 909 2007 per
931 1931 993 1989 dies
1016 1930 1053 2009 V,

1 2037 28 2094 lro
41 2021 148 2079 deinde
168 2019 273 2080 solves.
310 2020 425 2079 collirio
443 2021 524 2080 intus
544 2021 662 2079 oculum
681 2021 805 2095 curabis,
829 2021 939 2078 deforis
957 2023 1055 2079 uatem

1 2099 2 2104 ¹
40 2111 263 2168 tetrafarmaco.
308 2109 415 2168 fibulas
446 2129 507 2168 non
538 2127 669 2184 rumpeS,
704 2109 762 2167 nisi
796 2109 857 2167 iam
889 2108 1054 2186 glutinabit

41 2201 71 2256 et
98 2199 226 2258 cicatrix
253 2216 315 2256 esse
344 2199 483 2274 coeperit.
529 2197 697 2273 praeruptis
728 2216 844 2274 quoque
874 2197 974 2256 fibulis
1004 2217 1053 2257 cu-

40 2288 120 2346 rabis
144 2307 199 2362 per
225 2287 287 2346 dies
315 2288 369 2363 4⁰²,
396 2287 441 2345 ita
468 2289 503 2344 ut
530 2305 598 2345 carc
626 2306 687 2345 non
714 2290 827 2345 crescat
853 2290 976 2362 propter
1003 2288 1052 2345 de-

41 2377 235 2435 formitatem.
282 2393 386 2434 sanum
408 2376 467 2434 fiet.
514 2376 602 2434 aliter
630 2376 732 2433 eadem
760 2394 849 2434 causa
872 2376 914 2434 010
937 2379 1049 2451 curato,
1069 2377 1109 2433 60

7 2480 30 2520 ro
41 2468 75 2523 ut
103 2464 257 2524 forficibus
286 2466 351 2522 toto
382 2465 473 2523 erista
504 2464 640 2540 palpebri
673 2465 798 2522 auferas
844 2465 900 2523 hoc
933 2465 1053 2540 quidem

43 2555 160 2613 evenire
180 2553 264 2629 solet,
287 2555 322 2611 ut
339 2573 392 2628 per
413 2553 554 2612 uncinum
573 2553 679 2628 pistilli
702 2553 863 2630 deiungeas
887 2554 1053 2612 iumentum

41 2642 232 2719 palpebrum‚
260 2644 452 2717 praerumpat
479 2644 510 2700 et
536 2642 721 2717 praependat
742 2642 840 2717 ipsum
867 2641 1051 2718 palpebrum.

43 2732 183 2790 similiter
211 2730 359 2790 forficabis
387 2731 567 2806 praecisum,
599 2749 689 2806 posca
716 2731 851 2789 fomenta
879 2731 997 2789 oculum
1019 2730 1052 2786 in

42 2823 207 2895 praesente.
240 2821 271 2878 et
289 2820 314 2878 si
332 2820 430 2878 fibulis
447 2819 531 2896 figas,
554 2820 685 2879 velocius
704 2839 771 2879 cum
794 2819 937 2896 sanguine
961 2818 1053 2894 gluti·

9 2923 32 2962 so
44 2912 103 2968 nat.
131 2909 201 2968 ideo
217 2910 316 2966 autem
330 2927 420 2984 posca
433 2909 619 2967 lamentatur
632 2911 755 2984 propter
764 2909 916 2985 sanguinis
930 2907 1052 2982 fluxum,

112 3121 130 3166 4
149 3113 222 3168 haec
241 3114 288 3168 M:
308 3113 540 3184 0111010000119
564 3113 626 3183 Veq.
640 3114 742 3166 11115
758 3114 762 3183 1
780 3110 905 3180 striglias
924 3109 1054 3180 impatie-

45 3186 160 3254 1011110
178 3184 343 3239 infestanti:
361 3184 414 3254 pili
433 3183 520 3238 aliam
533 3183 698 3254 palpebram
716 3185 827 3237 urentes
846 3181 976 3235 lacrimas
995 3199 1054 3236 mo-

45 3259 127 3310 veant
151 3256 295 3326 17001112
322 3255 409 3325 plaga
429 3257 486 3325 1116
508 3254 605 3323 tybias
630 3253 755 3323 qualem:
774 3252 933 3308 naturalem
961 3254 1021 3324 ch.
1045 3254 1055 3327 11

46 3331 76 3378 11
99 3326 285 3382 difformitate
309 3328 318 3396 11
342 3333 374 3381 18
399 3325 535 3380 mortaria
557 3327 566 3395 11
589 3331 623 3379 20
649 3325 751 3379 deforis
774 3340 839 3378 vero
863 3325 939 3396 ch:
964 3323 1055 3378 defor-

44 3401 172 3469 10011126
196 3397 309 3468 pistuli:
332 3399 455 3468 obircrpi
476 3398 685 3452 instrumentum
708 3397 855 3465 quoddam:
880 3395 983 3464 pisculi
997 3398 1053 3464 ΜΙ

43 3469 192 3540 deiunges:
216 3486 284 3524 corr.
300 3469 328 3522 B
347 3472 392 3538 (=
412 3469 436 3521 si
455 3467 594 3537 deiungis)
611 3469 615 3539 1
630 3469 749 3537 partem,
768 3483 840 3536 quae
859 3468 999 3537 prominet
1018 3469 1057 3521 ad,

42 3556 203 3595 mensuram
220 3543 347 3610 naturae,
366 3539 508 3594 forficibus
527 3541 674 3608 amputent
696 3539 758 3609 ch.
