2470 3902
198 125 263 190 160
385 124 667 180 MULOMEDICINA
686 125 855 182 CHJRONIS
874 131 1016 180 487-489

197 278 356 336 durescunt
379 281 409 336 et
431 277 581 335 inflantur.
629 278 670 336 sic
698 280 809 336 curato.
856 279 1032 354 sanguinem
1058 275 1095 334 do
1118 276 1195 333 utris-

196 386 253 442 que
277 365 439 425 femoribus
462 367 576 424 mtttito
601 369 631 424 et
652 369 744 424 testes
767 367 809 425 sic
832 365 940 424 foveto.
986 366 1101 424 loteum
1123 367 1196 422 vetus

196 455 349 530 putridum
372 456 403 513 in
426 473 498 515 vaso
529 455 639 514 adicito
664 458 695 513 ot
723 455 756 512 in
786 475 820 514 eo
850 454 965 530 lapides
994 455 1124 514 molares
1149 455 1196 510 fer·

197 547 299 603 ventes
323 545 477 603 dimittito.
523 544 568 602 ita
590 544 689 619 facite,
712 546 748 602 ut
765 563 783 602 a
802 562 912 618 vapore
935 544 1048 602 femina
1068 548 1098 602 et
1119 546 1196 600 testes

195 633 269 692 bene
293 634 407 692 sudent.
453 637 558 708 postea
580 651 660 709 aqua
682 632 780 692 calida
803 633 903 692 foveto
926 632 1009 707 bene,
1032 635 1139 708 postea
1159 641 1222 689 sul

196 723 270 781 mito
294 723 417 780 ninium
440 722 539 797 pondo
562 722 648 780 trien.
673 721 838 797 ,alumims
865 721 1001 797 pondo..
1018 721 1110 780 .bene
1136 721 1196 778 trita

70 811 173 870 133¹a
196 830 263 869 cum
287 812 352 870 oleo
373 829 427 887 pro
450 811 538 869 modo
563 811 701 870 admIscis
723 815 753 868 et
778 811 844 869 oleo
865 810 869 884 Ι
890 813 921 868 et
938 812 1029 868 testes
1053 828 1196 886 perunges.

119 897 177 954 187
198 901 223 958 si
246 900 361 976 lapides
384 900 511 958 molares
533 918 593 958 non
611 899 759 976 habucrIS,
782 902 873 959 testes
892 899 1040 976 fumigato
1061 899 1112 958 vel
1130 899 1196 975 ligno

196 989 244 1048 vel
268 990 333 1048 oleo
364 989 526 1064 cypressini
558 990 652 1064 scapi,
682 989 775 1047 uteris
805 989 936 1064 cypressi
966 988 1068 1047 oleum
1092 991 1123 1046 et
1144 1007 1196 1046 cun

196 1078 411 1136 medicamento
434 1080 553 1154 ungeto.
600 1077 696 1136 eidem
718 1078 762 1136 rei
785 1078 845 1136 ali0
868 1077 968 1136 modo:
995 1078 1090 1136 lentis
1113 1076 1196 1153 pondo
1207 1085 1221 1122 1⁰

196 1168 284 1226 semis
308 1167 441 1242 coquito,
464 1167 552 1226 terIto
575 1167 607 1224 in
630 1167 774 1226 mortario
798 1170 829 1224 et
851 1167 1013 1225 admiscoto
1046 1185 1118 1225 cum
1138 1167 1194 1223 vinc

196 1256 295 1331 pondo
335 1256 474 1330 scrupula
505 1255 567 1314 IIII
607 1258 637 1314 et
675 1256 805 1332 cypressi
845 1255 927 1313 folia.
997 1256 1103 1314 omnia
1138 1255 1196 1312 bene

196 1345 271 1402 triba
292 1345 325 1401 in
348 1363 378 1402 se
402 1344 590 1404 commisceto
615 1350 645 1403 et
668 1346 787 1420 adipem
816 1345 937 1402 suillum
960 1344 1066 1403 addito
1091 1347 1196 1404 tantun·

80 1491 83 1496 ,
197 1432 273 1508 dem,
302 1435 337 1490 ut
359 1432 479 1491 mollius
502 1434 751 1493 medicamentum
780 1433 842 1508 fiat,
873 1436 903 1491 et
926 1433 1029 1492 vinum
1060 1437 1093 1492 et
1115 1433 1196 1492 oleum

196 1522 229 1579 in
258 1521 384 1580 testibus
413 1522 575 1598 imponito,
601 1541 693 1598 usque
725 1523 795 1580 dum
825 1541 930 1581 sanum
952 1522 1016 1580 fiat.
1064 1524 1091 1582 si
1115 1522 1195 1580 minus
1205 1523 1225 1596 1⁵¹

197 1611 360 1686 proficerit,
388 1614 479 1670 testes
513 1612 616 1670 subtus
645 1612 725 1670 urito
753 1612 801 1670 vel
829 1614 933 1670 curato
961 1610 1019 1686 ita,
1042 1615 1082 1669 ut
1101 1608 1134 1668 ‘s.
1163 1628 1196 1666 sa-

197 1720 268 1758 num
290 1700 351 1758 fiet.

120 1787 178 1843 488
264 1788 421 1847 XXXVIII
443 1787 487 1846 De
516 1788 696 1864 opistotcno.
743 1789 919 1865 opistotonI,
949 1788 1000 1862 qui
1023 1807 1043 1846 a
1068 1788 1196 1865 posterio-

197 1878 279 1936 ribus
302 1877 494 1953 prcnduntur.
541 1878 566 1936 si
590 1879 690 1936 autem
714 1896 806 1953 equus
831 1880 883 1935 aut
907 1875 1030 1952 aliquod
1055 1875 1196 1954 subiugat

196 1971 298 2043 partes
321 1967 501 2042 posteriores
530 1967 701 2042 opistotono
725 1966 893 2040 vexabitur,
923 1968 968 2026 est
996 1966 1121 2042 quidem
1142 1967 1219 2041 pars*

199 2059 338 2129 extrema,
358 2058 388 2113 et
406 2055 492 2132 signa
511 2058 581 2114 sunt
597 2056 685 2115 huius
703 2057 784 2114 haec.
822 2056 970 2131 quomodo
989 2041 1076 2115 cdnis
1090 2054 1195 2126 resedit,

199 2148 229 2202 et
251 2163 311 2202 non
330 2147 490 2218 sequentur
508 2145 674 2218 posteriora
693 2145 735 2204 eis
754 2145 863 2220 priora,
888 2144 939 2202 sed
958 2145 1044 2219 quasi
1066 2145 1195 2221 colligata

198 2233 365 2290 retinentur
391 2235 421 2290 et
451 2232 560 2291 discolo
588 2235 790 2292 trahuntura
818 2233 980 2310 prioribus,
1011 2235 1102 2293 tensa
1124 2231 1195 2290 habet

198 2321 372 2397 posteriora.
418 2323 540 2378 curatur
569 2327 670 2380 autern
699 2323 749 2382 sic.
800 2322 976 2399 sanguinem
1006 2322 1145 2381 detrahes
1170 2320 1194 2374 dr

198 2410 389 2469 interioribus
407 2410 542 2485 partibus
560 2412 714 2486 femorum,
733 2412 768 2468 de
787 2411 961 2488 inguinibus
980 2414 1010 2469 et
1029 2411 1067 2470 de
1087 2409 1219 2469 medias

122 2498 180 2555 489
201 2500 252 2575 qui
282 2502 328 2558 est
357 2499 470 2558 canalis
499 2500 611 2559 urinae.
663 2500 715 2558 ubi
747 2501 887 2559 statueris
920 2500 1114 2577 sanguinem,
1142 2499 1194 2556 vinc

199 2592 230 2647 et
248 2589 313 2647 oleo
332 2589 482 2664 tepefacto
500 2592 673 2666 perungeto,
697 2589 802 2648 deinde
825 2589 857 2646 in
882 2588 976 2647 altero
996 2589 1045 2647 die
1065 2589 1194 2647 sumentes

199 2698 302 2737 crunes
322 2696 401 2753 aqua
420 2677 517 2736 calida
537 2681 567 2736 et
584 2679 712 2753 femora,
735 2683 765 2737 et
783 2677 835 2736 ubi
853 2678 1078 2753 fumentaverIS,
1102 2692 1193 2749 reunge

199 2767 268 2826 vino
301 2769 332 2824 et
364 2766 429 2826 oleo
461 2766 620 2841 tepefacto.
672 2787 775 2826 ornnes
808 2766 966 2840 confricaS,
998 2785 1127 2843 vapore,
1155 2772 1193 2821 aut

199 2856 379 2914 crassamina
415 2855 570 2930 palearum
602 2859 656 2914 aut
697 2857 759 2916 ervi
801 2858 854 2914 aut
890 2855 971 2914 ordei
1002 2855 1126 2914 infunde
1155 2850 1218 2909 sunll

270 3067 287 3112 4
305 3059 386 3114 facit:
406 3076 474 3114 corr.
495 3061 522 3113 B
539 3063 542 3129 l
558 3058 673 3114 feminei
691 3062 793 3113 testes:
810 3076 878 3115 corr.
899 3060 927 3112 B
945 3062 954 3128 11
978 3066 994 3112 5
1014 3061 1100 3114 bene:
1122 3067 1191 3110 venae

199 3131 319 3198 testium¹
344 3132 406 3201 ch.
434 3134 443 3201 ll
471 3137 486 3184 6
514 3134 608 3201 supple
630 3130 693 3200 pari
720 3130 761 3184 vel
785 3130 880 3187 trien:
907 3131 1014 3184 nitrum
1042 3135 1073 3184 et
1100 3129 1192 3184 alumen

199 3202 316 3256 scissum
335 3201 443 3272 pariter
464 3203 525 3273 ch.
541 3205 580 3272 118
598 3201 670 3271 ligni
684 3203 693 3271 ΙΙ
711 3208 727 3255 9
746 3198 914 3272 cypressinis
937 3200 1002 3283 capi
1015 3204 1025 3270 ΙΙ
1045 3208 1078 3255 10
1100 3197 1172 3253 modu
1190 3193 1193 3248 l

200 3281 232 3326 11
248 3272 316 3327 trIto
330 3275 339 3343 ΙΙ
354 3279 387 3326 12
404 3273 527 3342 cypressi
541 3272 611 3328 folia
621 3274 694 3342 sffip
708 3272 760 3326 IIII
774 3273 836 3343 ch.
850 3275 860 3342 ΙΙ
876 3277 908 3326 19
923 3273 1087 3342 subiugalcs
1101 3274 1110 3340 ΙΙ
1123 3275 1152 3324 10
1163 3283 1190 3344 sy.

198 3361 264 3411 pars
283 3347 422 3398 extrema:
440 3360 491 3413 per
510 3361 539 3398 se
558 3348 691 3398 stremma
709 3345 737 3397 B
750 3346 761 3414 I
778 3349 811 3397 21
832 3345 866 3411 cf.
885 3360 972 3412 supra
990 3340 1190 3413 3181125131]-

199 3412 282 3466 nibus
309 3417 318 3482 ll
346 3418 379 3465 25
398 3415 511 3468 uredira
527 3441 560 3461 =
577 3414 706 3483 οὐρήθρα
733 3416 742 3484 ΙΙ
775 3420 808 3467 26
839 3413 931 3468 urinre
959 3418 969 3484 ΙΙ
996 3421 1031 3468 28
1056 3428 1149 3469 crunes
1166 3431 1189 3452 τ-

200 3482 295 3536 clunes
312 3487 316 3551 1
332 3482 532 3538 fumentaberis
632 3551 634 3556 ι
