2474 3910
204 177 268 241 162
392 176 675 232 MULOMEDIOINA
693 176 864 233 OHIRONIS
881 183 1023 232 rar-eae

205 324 285 404 [sed]
309 327 334 386 si
357 328 466 388 vulnus
495 329 527 386 in
557 330 692 387 ventrem
720 327 872 404 habuerit,
901 328 1082 406 intelligitur
1111 347 1143 385 ex
1162 345 1196 398 eo,

203 417 285 493 quod
316 417 413 492 eapite
449 419 574 495 gravato
607 417 647 475 sit
679 419 710 475 ot
741 417 840 476 oervix
877 418 919 475 eis
951 417 1071 495 gracilis
1094 415 1153 474 'fiat
1174 421 1197 472 et

203 524 290 580 saepe
314 506 454 565 volutans
476 525 537 564 non
559 506 720 564 transferet
743 523 783 580 se,
805 525 859 565 noo
882 523 989 581 eorpus
1012 505 1139 564 exsuliet
1158 503 1197 562 sed

202 596 294 669 eaput
316 594 421 670 solum,
445 597 476 653 et
499 594 637 672 suspirat
683 593 827 652 inflantur
849 595 937 669 enim,
965 597 997 652 et
1017 595 1132 653 nullam
1151 593 1197 652 fos·

202 701 266 742 sam
288 685 389 758 potest
411 683 538 741 mansne
561 682 593 740 in
616 682 916 742 deambulationibus.
954 683 996 742 sio
1017 681 1222 760 intelligimusl

202 774 300 830 auwm
323 771 431 831 sieeam
454 773 580 830 tussem:
603 789 669 830 eum
699 773 830 847 esoatur,
852 771 956 847 tussit,
985 775 1073 831 aoute
1102 770 1196 830 etoile

202 861 304 938 gemit,
328 860 484 919 ambulans
507 860 644 920 conoidet
665 862 696 918 et
718 860 769 919 vix
791 879 821 920 se
844 861 934 921 levet.
974 863 1099 920 ouratur
1115 862 1198 918 auten

202 949 251 1008 sio.
299 949 432 1008 nabulum
456 948 638 1008 excoriatum
661 951 692 1006 et
715 949 933 1008 extentinatum
958 949 1056 1008 mittis
1084 950 1116 1008 in
1138 947 1197 1006 aoeli

202 1038 332 1096 sextaria
350 1037 401 1095 IX.
438 1038 604 1112 suooendes,
629 1055 781 1113 quousque
808 1038 883 1096 duae
909 1040 1010 1113 partes
1033 1037 1197 1096 remaneant

124 1125 183 1185 494
201 1126 306 1184 deinde
327 1127 485 1202 exossabis‚
508 1126 584 1185 adde
601 1145 734 1184 murram
752 1126 811 1202 31.
905 1127 979 1186 haee
997 1129 1140 1201 conteres,
1160 1124 1226 1183 ad*

201 1215 291 1273 misoe
315 1233 384 1273 suco
407 1215 467 1290 illi,
498 1217 529 1273 et
558 1215 667 1273 iterum
697 1233 790 1290 ooque
818 1233 885 1273 oum
915 1215 1028 1290 catulo,
1064 1231 1198 1292 quousque

202 1303 292 1361 tertia
324 1321 394 1377 pars
425 1303 499 1362 iuris
530 1306 685 1362 remaneat
717 1306 748 1361 et
779 1303 837 1362 duo
871 1303 1000 1362 sextaria
1031 1305 1198 1362 remaneant

200 1391 258 1449 hoo
280 1390 403 1449 infunde
426 1411 480 1467 per
503 1411 535 1451 os
560 1391 703 1468 tepidum.
750 1394 776 1451 si
798 1392 858 1451 levi
887 1392 1068 1470 purgatione
1098 1393 1143 1452 uti
1162 1409 1198 1448 vo·

201 1479 302 1554 luens,
326 1479 449 1538 dimidio
472 1480 579 1555 uteris,
602 1481 628 1538 si
650 1479 832 1560 plenissima,
855 1483 955 1540 totum
977 1481 1076 1540 simul.
1123 1478 1198 1540 sedsi

200 1567 351 1626 infirmum
373 1569 465 1627 fuerit
486 1569 676 1646 iumentum„
689 1587 769 1644 aqua
791 1588 845 1644 pro
869 1571 954 1628 aoeto
976 1572 1072 1645 utere,
1095 1569 1225 1628 mitan

201 1657 378 1716 tantundem
409 1657 519 1732 thuris,
551 1675 668 1716 murrae
701 1658 785 1733 311,
818 1660 952 1717 conteres
982 1658 1094 1734 inse,
1122 1657 1199 1717 oollue

201 1745 278 1805 aoeti
298 1746 428 1805 sextaria
445 1746 485 1820 H,
509 1746 632 1804 tertium
651 1764 748 1821 aquae
767 1747 937 1805 sextarium.
974 1746 1083 1806 deinde
1103 1745 1198 1805 divides

200 1835 233 1891 in
256 1837 316 1893 tres
339 1837 449 1910 partes,
472 1835 611 1893 infundes
633 1854 687 1910 per
709 1835 817 1913 triduo,
842 1835 973 1894 abstines
996 1836 1103 1895 aoibo
1121 1852 1197 1909 usque
1225 1869 1226 1880 κ

202 1923 241 1981 ad
269 1942 433 1999 vesperum.
479 1923 519 1982 ad
548 1923 678 1981 medium
708 1923 786 1982 diem
816 1924 855 1982 da
884 1924 984 1983 bibere
1015 1943 1128 2001 aquam
1148 1941 1197 1982 eun

201 2011 300 2070 salina
332 2013 475 2071 ordeaoea
507 2014 537 2070 et
569 2012 608 2070 ad
639 2029 796 2087 vesperum
827 2013 867 2071 da
897 2013 1034 2088 herbam,
1070 2015 1226 2090 quantun·

126 2099 185 2156 495
205 2099 343 2158 voluerit
390 2100 430 2159 sit
453 2103 553 2159 autem
580 2100 693 2175 looum,
722 2101 774 2160 ubi
804 2090 878 2178 stat,
909 2101 1047 2160 calidum.
1095 2098 1199 2160 infunde
1225 2119 1226 2126 ¹

202 2189 303 2245 autem
317 2187 441 2262 seillam,
459 2189 582 2247 bulbum
601 2189 702 2247 album
715 2189 850 2248 involves
868 2190 942 2264 luto,
961 2208 1029 2254 assa
1048 2190 1199 2268 diligenter,

201 2275 291 2333 adubi
322 2276 403 2335 coria
432 2276 608 2336 laxaverint
652 2277 773 2336 detrabe
802 2297 838 2336 ea
867 2281 898 2336 et
932 2279 1050 2336 auferre
1086 2278 1198 2338 medium

201 2366 232 2422 et
261 2366 379 2423 contere
410 2383 477 2423 oum
506 2366 576 2424 vino
606 2365 691 2424 duloe
722 2368 753 2424 et
786 2366 916 2425 adfunde
946 2367 985 2425 ad
1019 2367 1133 2426 oiatum
1160 2381 1199 2440 per
1225 2381 1226 2408 l

200 2471 295 2527 nares,
318 2453 409 2510 adubi
426 2454 563 2512 reieoen‘t
585 2455 705 2514 saniem.
748 2473 856 2530 eoques
874 2455 906 2513 in
925 2474 1034 2531 aquam
1058 2455 1227 2520 eoloefiunffss

200 2541 371 2619 porcinum,
408 2544 440 2600 et
475 2542 614 2600 madefiet
650 2562 717 2601 oum
752 2543 831 2618 iure,
873 2543 900 2602 ei
931 2544 1071 2603 infundes
1103 2564 1154 2621 per
1175 2557 1199 2598 os

200 2630 319 2690 oiatum.
366 2630 391 2689 si
418 2630 547 2707 plurimo
577 2633 711 2706 tempore
734 2631 928 2707 impediatur,
960 2633 999 2690 da
1031 2633 1083 2692 sio.
1128 2631 1198 2689 fabae

75 2721 177 2778 133la
201 2719 331 2777 sextaria
347 2719 377 2776 H
398 2713 402 2798 Ι
422 2719 492 2778 vino
515 2719 661 2780 infundes.
690 2720 741 2778 sed
765 2720 789 2778 si
812 2720 951 2795 volueris,
974 2721 1099 2780 infunde
1119 2721 1144 2779 ei
1160 2719 1198 2776 sie.

123 2805 182 2862 499
202 2807 241 2865 da
268 2807 391 2866 cottidie
420 2809 533 2868 aestate
562 2810 592 2866 et
619 2810 771 2867 autumno.
816 2810 911 2868 bieme
943 2811 1045 2868 autem
1074 2812 1105 2868 et
1126 2822 1198 2867 oeno

202 2915 306 2954 ervum*
340 2896 429 2954 simul
460 2896 613 2970 infimdes,
652 2897 691 2954 da
723 2899 755 2954 et
784 2896 961 2975 oontundes‚
1000 2898 1033 2956 in
1064 2917 1141 2974 aqua
1166 2889 1226 2976 eistl

201 2984 324 3042 ordeum
351 2984 444 3043 dabis
497 3003 566 3044 ervo
598 2986 699 3043 autem
728 2987 825 3060 utere,
860 2986 983 3044 herbam
1011 2986 1136 3046 viridem
1162 2980 1197 3041 uel
1225 2977 1226 3002 ³

201 3072 309 3130 siooam
328 3074 381 3130 aut
399 3073 501 3132 fenum
519 3073 609 3131 molle
628 3073 810 3150 adspargens
828 3092 916 3149 passo
934 3074 1061 3150 adpone.
1094 3074 1196 3134 ordeum

202 3162 302 3218 autem
333 3161 492 3220 infundens
522 3162 554 3219 in
586 3161 706 3220 seminis
736 3161 791 3220 lini
825 3163 901 3222 oooti
936 3181 1015 3238 aqua
1045 3162 1137 3222 dabis.
1175 3164 1196 3215 et

272 3317 288 3364 9
307 3314 440 3381 gravatos
460 3314 470 3382 l
491 3318 506 3365 6
526 3312 598 3436 susp
612 3329 677 3366 eum
693 3315 696 3382 Ι
713 3329 778 3367 esea
796 3313 894 3368 tritus:
912 3329 981 3368 eoru.
1000 3313 1030 3368 B
1043 3317 1083 3384 l8
1102 3313 1195 3367 exente-
1224 3327 1225 3330 ¹

200 3383 294 3434 ratum
312 3384 516 3450 (exteneratum
533 3389 578 3437 tra
607 3386 617 3452 )
636 3400 722 3452 eeepru
737 3401 766 3453 p.
787 3387 859 3451 61,7
878 3386 888 3453 ll
914 3389 946 3437 13
965 3383 1006 3438 sio
1026 3387 1037 3453 l
1058 3390 1091 3439 16
1109 3379 1195 3444 ooluol

203 3456 235 3571 lg
255 3466 346 3517 aquae
364 3453 396 3504 ia
414 3468 499 3522 marp.
518 3453 583 3508 add.
610 3455 620 3521 l
647 3459 681 3506 23
701 3453 798 3508 (letrae
820 3456 830 3523 l
853 3453 996 3508 alciatus
1019 3458 1029 3525 l
1053 3461 1087 3509 29
1105 3454 1176 3509 Seme

200 3537 219 3571 n
236 3535 287 3572 ruo
