2474 3910
201 145 263 210 196
386 143 668 200 MULOMEDIOINA
686 143 856 199 OHIRONIS
875 149 1016 198 ors-em

199 295 286 354 vellis
317 295 480 373 contingit,
518 296 570 354 sed
601 315 661 355 non
698 295 740 354 sic
771 297 872 353 tamen
904 295 1032 354 multum
1065 313 1121 353 nec
1152 295 1202 352 frc-

200 385 331 459 quenter.

122 472 180 528 clo
265 471 379 530 XXVII
407 471 439 530 Si
461 471 626 530 iumentum
648 472 749 531 scabis
770 491 910 548 prensum
938 472 1038 549 tuerit,
1069 472 1159 550 signu
1179 477 1202 529 et

199 562 366 621 curationes
389 563 477 618 erunt
502 561 583 620 haec.
630 561 709 636 quod
736 580 797 620 non
824 563 963 638 opportet
989 563 1144 621 recentem
1166 580 1202 620 su·

198 651 279 728 nuri,
306 649 364 709 nisi
387 668 454 708 oum
477 667 507 708 se
530 651 596 708 totu
618 651 699 709 foras
726 651 885 710 sevocavit.
926 653 972 710 est
999 650 1079 710 enim
1103 650 1202 709 similis
1221 659 1230 698 ⁵

199 740 313 798 maleus
336 741 539 813 succutaneue,
563 759 597 797 ex
621 757 680 814 qun
703 739 731 797 ei
752 739 788 796 fit
809 739 931 799 scabies
972 740 1020 798 eni
1043 739 1168 815 quidem
1183 739 1202 796 si

199 828 286 887 citius
310 845 477 902 succurras,
509 827 672 887 difficiliter
701 828 808 887 evsdit.
855 846 922 887 oum
950 829 1031 886 enim
1055 829 1119 887 sint
1142 847 1202 886 cora

199 916 423 990 medicamento,
447 935 522 992 quue
546 916 588 975 eis
610 917 811 993 imponuntur,
834 935 951 976 necesse
973 917 1073 976 hsbct·
1087 918 1202 976 morbus

198 1007 381 1065 introversus
400 1004 577 1064 abscondere
597 1008 627 1064 ot
645 1006 779 1081 inpetus
797 1006 941 1065 revertit.
979 1025 1046 1064 cum
1061 1025 1135 1084 ergo
1150 1025 1202 1064 ms·

199 1098 300 1153 turum
322 1093 473 1153 videbitur
496 1112 574 1168 esse,
603 1097 675 1152 tuno
705 1114 771 1152 eum
802 1097 904 1153 curato
936 1096 986 1154 sic.
1033 1096 1202 1172 sanguinem
1213 1103 1230 1142 1⁶

200 1184 330 1242 emittito
359 1183 395 1241 de
423 1182 506 1242 venis
539 1201 614 1258 quse
638 1183 716 1242 circa
737 1183 845 1242 vitales
869 1185 951 1258 sunt,
981 1186 1012 1243 et
1034 1183 1072 1242 dc
1094 1183 1203 1243 bruchi·

201 1272 266 1348 olis,
289 1271 428 1330 similiter
450 1273 481 1329 et
503 1271 539 1330 dc
562 1272 789 1347 posterioribus,
812 1275 843 1331 et
865 1272 973 1332 oblinis
991 1273 1047 1331 flos
1066 1273 1159 1332 culcis
1180 1275 1202 1329 et

200 1361 296 1420 sulfur
318 1362 451 1419 conteres
475 1359 579 1435 simile,
602 1363 668 1418 tum
692 1364 722 1420 et
744 1361 809 1437 pice
832 1361 947 1437 liquida
976 1364 1008 1419 et
1039 1361 1144 1421 sordes
1174 1362 1202 1418 de

125 1447 183 1504 614
202 1449 309 1508 balneo
336 1449 488 1525 puerilem.
534 1449 640 1508 melius
667 1452 713 1508 est
739 1453 840 1509 nutem
866 1450 1007 1508 butirum.
1054 1451 1202 1509 omniain

198 1556 257 1597 uno
281 1538 450 1597 commisces
474 1538 512 1597 ud
537 1539 763 1598 crassitudinem
790 1539 896 1598 mellis.
941 1542 972 1597 ct
1001 1539 1044 1598 sic
1073 1539 1229 1598 oblinitolt

200 1629 230 1686 et
260 1627 316 1687 hoc
347 1627 433 1686 facit:
465 1629 582 1686 acetum
614 1627 789 1686 acerrimum
821 1629 852 1686 et
883 1628 983 1687 sordes
1012 1629 1146 1705 pucriles
1172 1628 1201 1684 de

198 1715 305 1775 balneo
333 1719 364 1775 et
391 1716 521 1775 cedrium
552 1715 775 1792 exfervefscies,
803 1717 889 1792 quusi
917 1717 1151 1794 solispungium‚
1177 1724 1201 1774 et

197 1804 266 1864 inde
286 1805 404 1864 caldum
422 1805 538 1864 oblinis.
576 1805 655 1880 quod
674 1805 699 1864 si
718 1805 846 1864 cedrium
864 1825 924 1864 non
942 1805 1092 1882 habueris
1113 1807 1201 1882 picem

198 1893 343 1971 liquidum
374 1894 475 1952 uteris.
531 1896 600 1952 untc
636 1896 736 1952 tumen
769 1894 936 1967 delumbis,
972 1894 1089 1953 luteum
1124 1897 1200 1954 vetus

198 1983 399 2042 commiscetis
422 2001 489 2042 cum
512 1999 621 2058 squam
650 1982 791 2060 calidam,
814 1985 845 2042 et
873 1982 1035 2059 quodquod
1059 2002 1130 2042 eoru
1156 1989 1230 2040 nsi-³·

271 2155 285 2203 1
305 2154 357 2220 seu
374 2157 390 2204 3
410 2152 472 2222 ch.
493 2153 582 2217 V70;
600 2152 693 2223 Pclap.
713 2155 783 2220 347;
800 2152 835 2206 Η
851 2157 908 2207 186
925 2169 963 2222 sq.
982 2152 1087 2222 ψώραν
1103 2153 1156 2222 τὴν
1172 2150 1199 2204 ἐν

198 2229 257 2284 τοῖς
274 2219 372 2283 ἵπποις
389 2219 544 2292 γενομένην
563 2224 596 2276 ού
615 2223 661 2276 δεῖ
676 2223 844 2292 προσφάτως
862 2223 1043 2292 θεραπεύειν,
1063 2221 1125 2278 ἀλλ’
1146 2222 1198 2283 ἐᾶν,

199 2290 279 2360 ἀχρις
297 2286 330 2346 ού
351 2291 400 2357 ἔξω
418 2301 510 2364 τραπῇ
529 2301 613 2348 πᾶσα,
648 2291 703 2348 ἔστι
721 2292 775 2365 γάρ
794 2292 930 2365 ἀνάγυσις
947 2292 1055 2363 μάλεως
1072 2303 1122 2364 τῆς
1140 2295 1199 2347 ύπο·

199 2360 397 2433 δερματίτιδος.
441 2362 478 2432 ἣν
504 2362 602 2435 τάχιον
633 2365 802 2433 θεραπεύων
831 2368 990 2436 στεγνὼσεις
1015 2365 1068 2434 τήν
1101 2364 1199 2431 ἔξοδον.

200 2443 353 2489 στυπτιιιῶυ
374 2433 428 2504 γάρ
452 2434 541 2490 ὄντων
563 2444 619 2491 τῶν
642 2433 875 2506 προςφερομίνοιν
895 2437 1054 2506 ἀναγκαῖον
1077 2435 1128 2490 ἔσω
1147 2431 1199 2502 τρέ-
1233 2439 1234 2478 i

198 2509 305 2560 πεσθαι
322 2505 371 2559 καί
389 2503 536 2576 συμβαίνει
549 2510 774 2562 κακοποιεῑσθαι.
804 2505 872 2563 ὅταν
887 2503 938 2563 σύν
952 2505 1109 2575 ἀιιαμάζειν
1127 2509 1199 2575 δοιῇ,

199 2573 260 2631 τότε
273 2574 416 2645 θεράπευε
430 2573 499 2645 αίμοι
513 2575 644 2646 ἀφαιρῶν
662 2577 692 2633 ἐκ
710 2587 766 2634 τῶν
782 2575 954 2648 μεσοκυυίοιν
973 2579 1023 2633 ιιαί
1041 2575 1198 2650 βραχιόνων,

199 2644 300 2715 ὁμοίως
318 2648 367 2702 ιιαλ
389 2647 420 2702 ἐκ
445 2657 501 2703 τῶν
526 2645 678 2717 ὀπισθίων,
705 2650 754 2704 καί
778 2647 911 2720 ιιατάγριε
937 2649 1082 2718 ἄσφαλτον
1105 2646 1199 2716 τρίψας

198 2716 262 2772 λίαν
279 2719 329 2772 ιιοιί
352 2716 436 2774 θείου
458 2716 539 2787 μέρος
564 2719 613 2773 nod
636 2717 736 2789 πίσσης
761 2721 848 2791 ύγράς
872 2721 921 2775 καί
946 2720 1042 2789 γλοιὸν
1065 2717 1197 2775 παιδιιιύν.

199 2787 312 2880 άργστον
331 2787 363 2843 δὲ
381 2790 519 2860 βούτυρον
534 2787 650 2860 μίσγειν.
678 2790 729 2846 ἐὰν
743 2788 775 2846 dt
789 2792 826 2862 pai
846 2783 868 2860 ’,
885 2788 946 2845 τότε
961 2791 1057 2882 γλοιὸν
1073 2791 1104 2846 ἐν
1116 2791 1197 2858 campi

198 2857 612 3002 Ztt“0t‘·⁵ttt“ttttttttt
625 2861 674 2988 tt}
684 2859 1196 3004 titt?t'ttttttt‘tttt‘t‘dt.

199 2999 277 3066 ζέσας
290 3001 322 3057 ἐν
335 3009 439 3075 ταυτῷ,
458 3001 657 3074 ξυλοσπύγγιον
670 3003 798 3073 ποιήσας,
816 3008 928 3073 θερμῶς
940 3002 1083 3075 κατάγριε.
1108 3002 1155 3058 ἐὰν
1166 3002 1194 3053 δε

199 3072 236 3142 μὴ
250 3066 268 3144 ἦ
282 3070 392 3142 necoda,
409 3071 492 3146 πίσσῃ
506 3083 566 3145 χρῖε
580 3075 616 3144 μὴ
631 3079 727 3147 πολλῇ,
745 3073 943 3146 προαπύσμηχε
962 3072 994 3129 δὲ
1010 3075 1084 3148 ούρῳ
1097 3075 1194 3142 παλαιῷ

199 3140 303 3212 μίσγειν
317 3142 392 3213 ύὸοορ
406 3145 514 3214 θερμὸν
523 3146 571 3200 καί
586 3144 637 3200 ὅσα
652 3143 683 3200 θλ
694 3145 828 3202 στυπτικὰ
841 3145 962 3215 ἁρμόζει.
991 3142 1193 3216 terpretatur!
1231 3195 1232 3216 3

198 3222 293 3270 τοῦτο·
308 3212 392 3270 θείου
406 3216 455 3270 καί
464 3215 607 3284 ἀσφάλτου
619 3215 735 3273 ἑκάστου
744 3218 776 3273 τὸ
787 3217 847 3274 ίσου
860 3215 964 3287 τρίψας
987 3216 1082 3272 ἔλαιον
1095 3211 1193 3286 ἐπιχέας

199 3285 309 3354 Ιψυχρὸν
323 3284 455 3358 κατάγριε
468 3287 517 3342 ιιαί
527 3285 645 3357 στηιιέτω
654 3287 684 3344 ἐν
694 3294 731 3361 τῷ
741 3287 817 3363 ἡλίῳ,
832 3288 931 3351 νυκτὸς
945 3260 977 3342 θλ
991 3285 1137 3357 ύπαιθρος,
1150 3283 1194 3338 ἐὰν

205 3350 326 3423 τθερειόι
336 3360 391 3411 κτλ.
406 3359 415 3426 ΙΙ
430 3363 445 3411 5
457 3358 608 3413 sevocavit
621 3360 630 3428 ΙΙ
644 3364 821 3414 tsuccutune
837 3363 839 3416 t
851 3365 866 3414 9
877 3359 999 3430 impetus
1009 3359 1121 3414 evortit:
1134 3371 1191 3412 ινιτ.

221 3427 306 3504 ‘pss
321 3424 435 3482 vitulos:
454 3429 489 3493 cf.
508 3445 594 3497 supra
611 3434 668 3485 426
684 3433 694 3500 ΙΙ
713 3435 746 3484 13
761 3429 848 3484 simili
860 3432 952 3486 tumet
968 3433 982 3501 d
997 3436 1030 3484 1⁷
1050 3429 1115 3484 nolis
1132 3443 1192 3497 pun-

200 3511 291 3561 grume
305 3521 338 3540 =
348 3495 548 3566 ξυλοσπόγγιον
560 3501 570 3568 ΙΙ
584 3505 618 3554 20
632 3517 669 3570 ep.
686 3517 703 3558 c
717 3504 880 3557 armature:
894 3501 1191 3572 inmoramur-vacum
