2470 3902
225 139 507 195 MULOIOEDIGINA
526 139 696 195 clemacius
715 146 855 196 evo-ava
981 139 1046 204 113

58 291 100 348 erit
120 291 238 369 sanguis
261 291 296 349 de
319 291 423 367 palato
445 290 494 350 vel
512 291 548 348 de
567 291 687 364 cervice,
711 310 836 365 quorum
858 293 959 350 tamen
981 309 1047 350 cor·
1154 280 1158 290 ’

57 399 113 454 pora
133 381 257 439 fortiora
282 382 359 454 sunt,
383 382 413 438 et
436 380 542 454 quibus
564 379 720 438 fastidium
745 399 804 438 non
826 380 926 438 fuerit.
971 380 1045 438 item

56 469 128 526 aliam
155 488 256 528 curam
286 468 324 526 ad
352 487 401 526 eos
430 468 586 526 facientem
613 489 650 527 ex
675 469 731 526 hac
760 468 881 543 potione
911 468 1045 528 ostendo.

55 557 103 615 vini
121 558 237 616 odorati
256 557 442 634 quartarium
460 557 617 632 antiquum
639 557 728 615 misce
752 559 783 614 et
801 557 848 631 da,
871 560 924 615 aut
942 557 1045 616 ciceris

36 647 129 704 sinlusi
154 665 261 722 aquam
290 645 390 706 bibere
419 645 498 705 date.
544 646 742 704 detrahendus
769 645 827 703 erIt
854 646 974 723 sanguIs
1002 646 1045 705 eis

54 735 81 792 de
107 735 205 810 palato
243 738 274 793 et
310 734 346 793 de
382 734 564 810 temporibus
607 736 637 792 et
668 735 703 792 de
741 733 853 793 cervice
891 753 981 794 verno
1015 737 1046 793 et

54 826 186 882 autumno.
230 823 489 882 exercitationibus
513 825 543 880 et
565 823 670 882 ceteris
692 823 737 881 uti
761 822 887 881 debebis.
929 823 955 880 si
977 841 1045 899 gra-
1062 823 1133 886 872,

53 912 105 970 vius
125 913 288 987 vexabitur,
311 912 430 970 morbus
454 914 506 970 est.
552 911 670 970 lentisci
696 912 833 989 radicem,
857 911 953 969 thuris
976 911 1046 974 5Π

53 1001 90 1059 vel
114 1001 137 1060 si
162 1003 219 1060 hoc
246 1019 307 1060 non
333 1001 437 1078 fuerit,
467 1000 576 1058 mirrae
603 1000 674 1064 3-1·
702 1019 770 1058 cum
797 1019 882 1060 croco
910 999 1044 1060 suffunde

25 1107 107 1147 acum
122 1091 198 1149 vino.
240 1090 332 1148 aliam
351 1089 453 1148 eodem
471 1090 573 1148 modo:
596 1089 671 1147 costi
694 1089 787 1164 3111,
811 1084 903 1167 †vini
921 1091 1044 1147 tantun-

52 1178 106 1235 dem
126 1179 254 1238 contrita
277 1198 344 1238 cum
365 1178 436 1237 vino
460 1178 539 1238 dulci
565 1179 687 1237 infunde
715 1197 770 1253 per
791 1196 832 1236 os.
879 1181 933 1236 aut
954 1196 1045 1236 uvam

52 1267 137 1325 albam
158 1268 288 1344 exprime
310 1268 343 1324 in
366 1285 407 1326 os.
444 1269 497 1325 aut
519 1266 629 1326 radicis
651 1285 751 1325 semen
773 1285 809 1325 ex
832 1267 934 1325 eodem
955 1266 1044 1326 modo

52 1355 123 1432 dato,
147 1375 236 1415 nuces
265 1374 395 1430 amaras,
424 1355 456 1413 id
483 1358 529 1414 est
552 1355 717 1432 amigdalas
740 1355 843 1414 frictas
870 1375 937 1414 cum
965 1373 1044 1430 aqua

52 1444 139 1502 eodem
160 1446 259 1504 modo.
305 1445 408 1504 aliter:
434 1445 653 1503 cardamomum
675 1445 807 1502 infusum
830 1445 861 1501 in
883 1445 953 1504 vlno
977 1444 1045 1502 albo

23 1549 40 1588 15
52 1533 136 1592 odon‘s
157 1534 229 1593 boni
252 1536 282 1592 et
305 1534 436 1607 cotilam
459 1533 596 1592 similiter
618 1535 709 1591 utere.

105 1623 229 1681 XXXIII
261 1621 293 1681 si
321 1642 339 1681 a
366 1622 505 1698 pulmone
532 1621 701 1696 vexabitur,
731 1621 817 1698 signa
845 1621 918 1680 haec
949 1623 1043 1678 erunt.
1062 1621 1122 1678 871

51 1711 203 1770 tumescunt
225 1712 306 1769 intra
327 1711 382 1770 ilia
404 1711 628 1770 concavationes
651 1728 769 1788 gravae,
793 1709 926 1768 cursibus
948 1711 1042 1767 retar-

52 1797 163 1876 dabitur,
189 1800 346 1860 itineribus
375 1799 497 1858 deficiet.
543 1797 641 1858 curari
672 1819 732 1857 non
763 1798 883 1873 poterit.
929 1797 1044 1856 curatio

51 1886 123 1947 huius
144 1889 187 1948 rei
210 1890 341 1948 curanda
365 1889 410 1948 est
431 1888 568 1963 maxime,
594 1890 630 1946 ut
651 1887 762 1946 habeat
783 1887 901 1946 virium.
947 1903 1046 1944 escam

15 1975 189 2058 ,ainfundere
219 1978 306 2036 debes
337 1977 431 2052 ordei,
461 1977 503 2036 sic
533 1978 610 2036 dare.
657 1975 910 2034 ambulationibus
933 1975 1044 2050 cedere,

50 2065 113 2123 uude
134 2067 255 2125 insanus
277 2066 320 2124 fit.
365 2065 509 2143 pabulum
532 2085 678 2142 opponere
703 2067 733 2122 et
755 2065 915 2140 potionem.
956 2083 1045 2138 gura-

50 2152 165 2214 tionibus
183 2156 281 2233 longis
299 2156 411 2228 utatur,
439 2156 511 2212 item
529 2153 717 2213 unctionibus
740 2153 908 2230 pinguibus.
945 2148 1044 2231 †eum

50 2244 190 2319 gravibus,
217 2243 347 2303 molliter
371 2243 466 2302 cubet.
511 2243 664 2319 potionem
684 2238 688 2322 l
707 2242 803 2300 hieme
827 2242 865 2300 da
887 2262 923 2301 ex
945 2242 1044 2301 farina
1064 2242 1170 2302 laub

50 2331 159 2408 tilicia,
192 2335 305 2392 aestate
331 2332 497 2390 hordeacia.
543 2332 568 2390 si
597 2334 697 2390 autem
724 2331 921 2406 deprehensus
943 2332 1044 2408 fuerit,

24 2421 112 2478 acosti
129 2425 159 2480 et
181 2421 311 2481 cinnami
329 2421 350 2485 5
368 2421 408 2496 11,
431 2421 552 2499 siringa,
575 2421 679 2496 cassia,
702 2422 816 2479 storace
838 2434 865 2502 s,
888 2420 934 2478 his
956 2420 1044 2478 rebus

51 2525 104 2566 cum
124 2511 239 2568 tisanae
262 2528 332 2568 suco
355 2509 534 2586 potionabis.

103 2598 226 2657 XXXIV
254 2600 299 2657 De
328 2599 528 2672 orthopnoico.
573 2598 598 2656 si
631 2599 710 2673 quod
741 2598 906 2656 iumentum
938 2597 1039 2655 ortho-
1057 2597 1120 2652 372

48 2686 170 2754 croisum
187 2688 288 2762 fuerit,
310 2688 384 2746 haec
403 2688 488 2765 signa
507 2689 600 2745 erunt.
635 2686 902 2746 inambulationem
920 2685 1043 2743 subinde

109 2862 123 2909 3
140 2857 323 2912 facientibus:
341 2855 492 2910 facientem
510 2854 616 2928 (plns)
634 2856 662 2909 Β
682 2858 691 2925 l}
712 2861 729 2907 4
751 2872 788 2925 sq.
807 2853 913 2907 cineres
932 2869 1043 2921 quoque

53 2923 108 2979 uni
123 2927 174 2983 loti
192 2930 222 2983 et
244 2927 331 2981 infusi
358 2927 420 2998 Veg.
441 2929 487 2997 lss
512 2925 625 2980 lentisci
651 2927 813 2980 drachmam
834 2924 896 2995 Veg.
915 2923 925 2996 ΙΙ
944 2929 959 2976 9
979 2940 1044 2978 cum

53 3010 128 3053 eroco:
147 2999 252 3054 suecari
274 2997 456 3053 semiunciam
479 2998 516 3052 Vc
536 3039 541 3052 .
560 3000 569 3067 ΙΙ
594 3003 626 3050 10
645 2995 717 3050 costi
734 3013 796 3050 unc.
815 2995 853 3063 II,
873 2994 1044 3049 cinnamomi

52 3081 100 3146 unc.
120 3070 143 3139 I,
169 3069 280 3140 eryngii
305 3068 408 3123 radicis
431 3085 493 3123 unc.
513 3016 550 3136 II,
574 3067 691 3122 storacis
715 3083 809 3120 semen
832 3065 893 3136 Veg.
913 3065 923 3148 l]
946 3071 978 3118 12
998 3082 1043 3120 ra·

53 3135 97 3191 dci
116 3139 125 3212 d
151 3147 183 3196 14
210 3140 420 3196 cardamomum
443 3143 452 3210 u
476 3145 508 3193 17
534 3138 749 3194 convacationes
773 3139 783 3207 d
811 3141 843 3188 19
869 3136 985 3191 vic1um:
1011 3139 1044 3190 ut

53 3207 123 3264 abeat
138 3212 239 3266 vitium
258 3213 285 3266 B
299 3214 308 3282 d
323 3217 356 3264 20
375 3210 455 3285 (ab)
476 3209 714 3264 ambulationibus
736 3209 785 3274 W;
800 3215 895 3276 postea
914 3208 1044 3262 lacunam

52 3283 131 3338 satuit
147 3285 175 3337 B
199 3287 203 3354 l
233 3283 333 3338 cedere
347 3310 380 3328 =
396 3281 543 3350 desistcrc3
575 3281 691 3335 caedere
717 3280 744 3333 B
771 3281 780 3348 d
808 3284 840 3331 21
864 3296 901 3350 sq.
921 3278 1042 3332 curatio-

52 3349 120 3428 nibus
137 3355 144 3423 l
163 3361 195 3408 22
217 3353 350 3425 piguibus
367 3355 370 3424 Ι
386 3371 423 3423 sq.
443 3370 506 3407 eum
525 3352 669 3422 gravibus:
691 3351 833 3419 unguatur
855 3351 883 3403 Β
896 3351 906 3420 ΙΙ
920 3356 953 3404 23
972 3349 1043 3404 mol-

53 3415 116 3478 htur:
133 3442 198 3480 corr.
218 3427 246 3479 Β
268 3428 278 3494 d
301 3430 335 3478 24
356 3427 465 3478 aestate
482 3423 593 3492 scripsi:
611 3424 654 3476 est
677 3423 771 3474 autem
792 3423 801 3490 ΙΙ
822 3426 855 3474 26
880 3422 942 3490 Vep.
966 3421 993 3476 V
1007 3425 1045 3474 44

54 3489 90 3551 te.
105 3494 115 3565 d
129 3501 159 3549 27
183 3497 245 3567 ch.
270 3496 297 3550 V
309 3499 345 3550 45
360 3496 365 3568 l
381 3495 525 3550 orthonico
541 3496 545 3565 Ι
561 3491 737 3548 orthonicum

95 3591 235 3637 Mulomed.
251 3593 333 3648 cuir,
348 3595 383 3636 ed.
397 3593 475 3635 Odor.
889 3583 906 3632 8
