2474 3910
211 128 494 186 MULOMEDICINA
513 129 681 185 GHIRONIS
699 136 841 186 scr-870
968 129 1033 194 263

38 283 125 340 omnia
143 299 166 340 a
180 298 202 340 s.
217 281 323 340 coicies
340 282 372 339 in
389 299 462 341 vaso
481 301 572 340 aeneo
591 284 621 340 ct
639 281 756 355 adipem
772 281 945 340 contundito
958 282 1033 341 ursi·

38 390 97 428 num
115 372 145 429 et
163 370 205 430 sio
224 371 339 446 coicies,
357 372 392 427 ut
409 372 616 446 percoquatur.
653 369 692 428 ad
706 369 862 428 carbonem
880 370 1033 447 decoques,

37 479 65 517 ne
82 460 117 518 ad
135 460 286 518 flammam
305 459 458 518 aduratur.
494 458 600 517 deinde
618 457 777 534 percolato,
798 458 889 519 donec
907 459 1034 518 medica-

36 553 158 607 nentum
172 567 239 607 cum
253 548 318 607 oleo
332 549 564 607 commisceatur.
596 549 651 606 hoc
664 547 757 606 uteris
772 546 810 606 ad
823 547 1035 622 perfectionem

17 637 193 698 slumbcrum
216 637 307 696 etad
331 637 471 696 articulos
495 639 525 695 et
548 636 586 695 ad
604 655 709 696 nervos
734 635 821 694 etad
840 637 990 694 cervicem.

91 727 272 802 synorismae
290 725 375 786 albae
398 726 581 801 compositio.
619 744 701 784 cerae
721 723 832 798 albae!
852 743 874 804 p
893 724 979 797 libra,
1004 724 1060 780 887
1087 723 1193 784 152Ἶ)

35 833 143 874 canisae
167 833 189 895 p
212 815 306 890 libra,
332 833 416 874 rosae
439 833 461 893 p
485 814 532 888 Π,
561 833 688 890 ysopum
710 832 732 894 p
755 813 794 872 H.
839 813 1035 872 haecomnia

36 923 100 977 quae
124 923 147 964 s.
167 922 189 963 s.
209 901 286 979 sunt,
304 904 336 960 in
353 922 426 963 vaso
445 921 537 962 aeneo
561 902 707 979 decoquas
731 905 761 961 et
784 903 888 962 coicies
912 903 943 960 in
961 919 1033 960 vaso

35 1005 166 1052 carosam
204 994 235 1051 et
253 1010 321 1051 cum
338 993 400 1051 iam
417 991 569 1065 defundes,
586 993 618 1049 in
635 1009 708 1051 vaso
726 992 898 1050 minutatim
917 990 1035 1064 adicies,

14 1081 148 1140 osubinde
177 1080 390 1157 commiscebis,
418 1101 455 1138 ne
482 1099 586 1140 cenrsa
613 1080 744 1140 diossum
770 1080 914 1154 desideat,
941 1098 1035 1155 usque

34 1170 118 1230 donec
134 1170 280 1248 frigidum
297 1169 359 1228 fiat.
394 1170 451 1229 hoc
468 1170 561 1229 uteris
580 1169 619 1227 ad
632 1171 799 1228 extractum
813 1171 843 1227 et
855 1187 1035 1244 percussum.

35 1263 156 1318 cerotum
180 1259 318 1336 alligabis
341 1259 483 1333 iumento,
506 1258 598 1317 donec
621 1276 727 1317 sanum
748 1257 810 1318 fiat.

90 1349 352 1424 malagmarum
374 1347 664 1424 compositiones
1055 1345 1111 1402 888

91 1439 276 1514 malagmam
310 1437 389 1496 croci
419 1437 614 1496 aromaticam
650 1437 692 1495 sic
723 1435 865 1509 impones.
915 1453 1036 1511 spumae

14 1527 147 1602 surgenti
167 1544 190 1604 p
214 1525 285 1598 1111,
307 1525 422 1584 resinae
445 1525 630 1584 terbentinae
653 1542 675 1603 p
699 1523 738 1599 H,
761 1523 882 1601 galbani
905 1542 927 1602 p
950 1524 1036 1599 libra,

35 1613 118 1672 bdelii
136 1633 159 1694 p
175 1613 247 1688 HH,
269 1633 379 1673 manna
401 1615 498 1672 thuris
516 1632 538 1692 p
553 1612 608 1688 HI,
630 1613 745 1672 resinae
770 1610 941 1671 Oolofoniae
960 1631 981 1691 p
996 1613 1036 1688 H,

36 1705 174 1762 storacem
196 1721 219 1782 p
242 1703 313 1778 1111,
337 1722 559 1778 appoponacem
581 1720 603 1781 p
622 1701 661 1776 H,
683 1701 822 1776 propolin
844 1718 866 1779 p
885 1700 924 1776 H,
946 1701 1037 1760 bacca

34 1791 105 1850 lauri
128 1811 150 1871 p
175 1805 208 1871 ς,
231 1792 344 1851 viscum
366 1792 505 1851 Italicum
527 1810 549 1870 p
572 1791 627 1868 VI,
655 1809 781 1867 ysopum
803 1789 938 1848 Atticum
956 1808 977 1869 p
997 1790 1036 1865 H,

34 1875 152 1957 †n1sum
171 1881 269 1938 thuris
287 1898 309 1960 p
330 1880 374 1957 H,
398 1899 547 1939 amomum
568 1898 590 1958 p
609 1879 648 1956 H,
672 1879 759 1954 adipe
782 1879 934 1937 taurinum
956 1897 977 1958 p
997 1879 1036 1955 H,

14 1987 146 2029 rcerusae
170 1987 192 2049 p
215 1968 287 2045 HH,
310 1969 369 2028 olei
389 1969 501 2028 laurini
523 1987 545 2048 p
568 1969 638 2044 IIII,
662 1986 745 2026 cerae
767 1985 790 2046 p
812 1967 863 2024 VI.

91 2059 275 2136 malagmam
306 2058 506 2135 podagricum.
558 2057 776 2116 cardamomum
803 2074 825 2134 p
852 2056 885 2130 I,
917 2059 1036 2116 centau·
1055 2055 1112 2112 889

33 2165 76 2206 rea
98 2165 121 2227 p
140 2147 181 2220 II,
204 2148 334 2224 ageraici
356 2147 417 2226 pl,
439 2148 498 2204 irin
520 2146 633 2206 illirica
654 2163 677 2224 p
698 2139 724 2219 S,
746 2145 917 2222 fenugraeci
939 2146 1037 2221 pondo

34 2237 127 2313 tien,
152 2235 225 2294 nitri
248 2235 346 2311 pondo
369 2237 437 2312 duo,
461 2235 541 2295 ciciti
559 2253 658 2294 semen
676 2251 698 2312 p
716 2233 740 2310 I,
763 2234 877 2293 resinae
897 2235 1038 2294 terbenti-

34 2344 82 2383 nae
102 2343 124 2404 p
148 2324 193 2400 H,
222 2343 305 2382 cerae
330 2324 459 2384 Punicae
481 2341 504 2403 p
527 2323 571 2399 H,
599 2324 697 2383 oleum
718 2325 804 2382 vetus
827 2341 849 2401 p
872 2322 916 2399 II,
940 2324 1039 2382 oleum

14 2411 176 2473 asiriacum
198 2430 221 2492 p
243 2413 282 2471 H.

93 2503 247 2579 malagma
266 2501 387 2562 coctilis.
423 2520 541 2560 cerusae
561 2517 582 2579 p
600 2500 671 2576 HII,
690 2500 812 2578 galbani
830 2517 852 2578 p
871 2514 904 2578 g,
921 2501 1036 2559 resinae

34 2592 215 2651 terbentinae
238 2590 325 2669 pIH
348 2605 381 2670 ς,
411 2590 530 2666 adipem
556 2591 709 2648 taurinum
731 2606 753 2667 p
776 2588 837 2665 IH,
866 2589 953 2664 ysopi
981 2588 1038 2646 At-

34 2681 79 2738 tici
98 2699 121 2760 p
139 2679 184 2753 Π,
207 2679 299 2738 bdelii
321 2697 343 2758 p
364 2679 408 2755 H,
431 2679 609 2737 ammoniaci
631 2696 653 2756 p
676 2678 720 2753 H,
747 2677 858 2752 piperis
882 2676 942 2734 albi
960 2695 982 2754 p
1001 2676 1038 2750 V,

34 2768 86 2827 irin
109 2770 240 2827 Hliricae
263 2786 285 2847 p
307 2767 352 2843 H,
382 2768 533 2827 aufonitra
555 2784 577 2846 p
600 2768 690 2843 libra,
721 2765 851 2824 medulla
875 2766 993 2824 cervina
1015 2783 1037 2844 p

14 2857 116 2933 clibra,
139 2858 259 2932 adipem
281 2857 451 2916 anserinum
473 2874 496 2934 p
518 2855 603 2915 libra.

95 2947 247 3024 malagma
269 2947 356 3023 nigra
379 2945 418 3004 ad
440 2946 580 3021 splenem.
625 2944 759 3002 bitumen
781 2942 935 3000 Iudaicum
958 2959 979 3021 p
1003 2956 1036 3021 ς,
1055 2940 1113 2996 870

35 3034 106 3094 secla
127 3053 150 3115 p
170 3049 203 3114 ς,
226 3034 338 3093 nitrum
365 3052 388 3114 p
411 3048 444 3114 ς,
468 3053 518 3093 aes
541 3035 641 3092 ustum
664 3049 685 3111 p
709 3047 742 3112 ς,
766 3032 895 3108 affingit
917 3026 960 3110 <p
984 3026 1038 3110 S),

34 3122 116 3184 batus
138 3141 161 3204 p
185 3139 219 3204 ς,
240 3124 336 3184 thuris
359 3123 471 3199 polline
494 3140 516 3202 p
540 3136 571 3202 ς.

99 3247 117 3293 4
134 3238 361 3311 perfrictionem?
375 3240 384 3308 ll
404 3243 418 3292 7
438 3240 586 3308 111111111Ιὸ
605 3252 673 3290 cneo
692 3238 701 3304 ΙΙ
720 3241 753 3289 10
773 3234 931 3304 1111111111111
951 3241 982 3288 11
1003 3234 1040 3288 ad

36 3313 147 3378 estatem
175 3311 236 3381 (sic)
264 3313 407 3365 extactum
427 3311 437 3379 ΙΙ
467 3315 499 3363 12
527 3311 633 3362 certum
656 3310 665 3376 ΙΙ
689 3313 721 3359 13
740 3307 774 3373 cf.
798 3307 891 3376 Pelcg.
915 3310 970 3360 446
978 3323 1015 3376 aq.

37 3387 66 3434 14
84 3381 223 3436 arcticam
237 3381 277 3435 sic
290 3383 299 3451 ΙΙ
315 3387 347 3434 19
366 3379 468 3434 misum
485 3398 505 3452 p
519 3379 564 3432 H?
573 3378 583 3451 ll
592 3384 625 3432 21
646 3376 856 3432 cardamomum
869 3377 872 3450 l
884 3380 1018 3432 centaura

36 3457 66 3505 23
80 3452 156 3507 ciciti
167 3479 201 3498 ==
211 3451 338 3507 cicutae?
353 3450 425 3506 oicifi
434 3451 472 3505 M
483 3453 540 3521 1129
555 3448 972 3520 aufonitra=dppdvitpc1132
987 3467 1005 3521 p
1020 3465 1034 3522 ς

34 3526 153 3594 supplevi
