2470 3902
203 223 265 287 118
388 218 670 278 MULOMEDIOINA
688 222 857 278 CHlRONlS
877 227 1017 276 ass-390

199 373 335 432 dolorum
357 373 438 432 locis.
474 373 573 432 bibere
598 375 624 431 ei
648 373 731 432 dabis
751 391 863 448 aquam
887 373 1023 447 calidam,
1045 373 1194 446 inaquam

123 461 179 518 387
200 462 308 520 adicies
331 463 455 520 nitrimu
483 464 513 521 et
536 463 664 520 farinam
687 463 843 522 triticeam.
890 465 935 521 est
957 464 1058 519 autem
1084 463 1114 518 et
1135 459 1193 516 boe:

202 549 304 627 [heren
317 548 362 626 in]
374 570 465 609 manu
478 552 568 626 plena
585 549 658 627 [vel]
674 552 897 610 beracthemum
912 553 942 610 et
955 550 1051 608 thuris
1065 548 1193 625 pollinem

199 639 387 698 acetabulum
410 641 533 716 plenum
557 643 739 699 maceratum
764 641 796 698 in
821 641 890 699 rino
922 637 1070 698 suffundcs
1098 638 1124 695 ei
1151 654 1195 711 per

198 747 284 787 nares
307 729 406 788 triduo
431 729 545 788 cotulas
575 729 717 806 singulas.
769 729 842 787 facit
872 731 902 787 et
930 729 998 786 hoc:
1029 728 1095 786 beta
1123 726 1194 784 cocta

103 869 104 874 ,
199 835 234 876 ex
263 835 355 893 aqua,
387 817 492 876 deinde
525 820 609 877 cocta
637 818 777 893 exprimis
808 819 838 875 et
866 835 975 892 aquam
1003 816 1065 875 eius
1098 815 1194 872 adicies

199 907 292 965 ciatos
307 909 377 980 tres,
398 906 569 982 suffundito‚
588 906 694 965 deinde
712 906 857 966 exercebis
877 925 952 964 eum.
984 903 1120 964 omnibus
1142 899 1192 978 [del

197 994 244 1055 his
267 996 369 1054 uteris.
408 997 455 1054 set
476 997 603 1054 maxime
621 995 689 1071 plus
713 995 831 1070 expedit
852 1013 980 1073 purgare
1005 1013 1073 1052 cum
1095 995 1194 1050 iumen·

123 1083 180 1140 388
198 1087 272 1158 tum,
297 1085 348 1158 qui
367 1085 423 1142 hoc
441 1085 515 1143 vitio
533 1086 661 1143 tenetur.
699 1085 912 1161 expurgatione
930 1084 1008 1142 enim
1025 1083 1123 1140 totius
1145 1099 1194 1138 eor-

197 1173 278 1248 poris
301 1173 422 1232 lcvioris
444 1173 535 1232 facies
560 1176 590 1231 et
613 1192 662 1232 eas
680 1191 784 1248 venas,
811 1191 884 1248 quas
907 1173 939 1230 in
960 1171 1086 1247 pedibus
1109 1169 1219 1240 habeto

198 1264 310 1319 utnon
333 1262 391 1319 orit
413 1263 582 1337 spurciticS,
611 1281 686 1337 quac
713 1263 745 1319 in
768 1262 830 1320 eius
853 1261 941 1337 pedes
969 1261 1112 1318 recurrat.
1156 1255 1195 1315 sed

197 1351 267 1425 post
288 1351 497 1426 purgationem
519 1352 576 1410 hoc
598 1353 689 1409 utere.
731 1351 799 1408 timi
826 1349 1014 1408 acetabulum
1036 1347 1195 1424 plenumin

197 1439 266 1496 vino
294 1440 388 1496 veteri
416 1439 496 1498 dulci
525 1443 677 1498 macerato
704 1439 834 1498 cotulam
863 1437 893 1496 «Ι·
925 1441 956 1496 et
982 1457 1035 1514 per
1064 1455 1150 1496 nares
1176 1435 1195 1491 ei

198 1527 331 1586 suffimde
364 1529 395 1586 ct
425 1528 527 1586 fenum
558 1528 605 1586 illi
634 1546 773 1604 oppones.
820 1527 899 1603 quod
925 1528 950 1586 si
977 1543 1037 1585 non
1069 1525 1195 1584 habueris

198 1634 318 1693 novum,
341 1617 442 1674 fenum
460 1618 545 1675 vetus
564 1617 655 1675 nitrio
673 1635 793 1692 asperso
813 1616 859 1674 da.
897 1614 976 1691 quod
999 1616 1024 1674 si
1047 1633 1109 1673 non
1131 1628 1220 1672 rese-1

198 1705 275 1762 derit
297 1706 413 1778 vitium,
436 1708 566 1764 castrabo
591 1723 666 1780 οιιοι,
690 1708 720 1763 ct
742 1723 848 1764 sanum
869 1704 929 1763 fiet.

122 1791 178 1848 389
263 1793 347 1852 XLll
374 1793 419 1852 Dc
447 1795 594 1869 ortuculo,
623 1813 710 1869 quem
737 1795 873 1854 stilosum
900 1794 1016 1852 vocant.
1064 1792 1102 1850 dc
1129 1793 1195 1850 orta·

198 1883 273 1958 culo,
298 1902 386 1958 quem
410 1883 532 1958 quidum
555 1882 690 1942 stilosum
711 1885 828 1942 vocant.
870 1902 957 1958 quem
980 1883 1022 1940 sic
1045 1880 1195 1958 cognoscis.

197 1973 314 2046 patitur
340 1972 388 2029 hic
412 1973 643 2052 contractionem
666 1991 824 2031 nervorum
847 1971 878 2028 in
900 1969 1024 2046 pedibus
1049 1969 1195 2044 prioribus,

199 2063 229 2118 et
247 2059 395 2134 capitibus
412 2060 592 2137 ungularum
611 2061 714 2119 caleat.
754 2061 843 2119 rectis
864 2060 997 2118 articulis
1016 2060 1081 2116 erit.
1117 2075 1217 2133 quaten

199 2150 229 2206 ct
247 2149 374 2206 ortuculi
391 2151 543 2224 vocantur,
568 2149 647 2224 quod
672 2149 741 2208 stilo
766 2152 847 2208 recto
871 2149 981 2207 similes
999 2147 1090 2222 pedes
1109 2145 1195 2211 habet,

198 2237 266 2295 iride
289 2237 386 2296 stelosi
409 2238 480 2296 dicti
508 2240 585 2296 sunt.
620 2238 724 2313 plenas
749 2237 876 2315 ungulas
906 2239 937 2295 in
961 2239 1074 2296 terram
1098 2252 1195 2312 ponere

197 2345 258 2384 non
283 2328 421 2401 possunt,
453 2325 648 2402 pendentibus
679 2327 792 2386 taxillis
825 2326 965 2385 incedunt
994 2328 1089 2399 recte,
1123 2321 1195 2400 quusi

197 2413 352 2490 clodigine.
400 2415 506 2490 quibus
533 2416 614 2473 nervi
644 2416 676 2472 in
699 2415 832 2474 articulis
857 2415 960 2473 dextra
988 2413 1111 2472 sinistra
1137 2411 1194 2470 emi·

196 2506 299 2562 nentes
323 2506 424 2578 ommi,
456 2504 540 2579 quasi
571 2521 689 2562 scauros
719 2504 835 2562 futuros
858 2505 900 2562 sic
932 2521 982 2562 eos
1004 2503 1095 2560 multi
1118 2501 1209 2560 oesti-

196 2594 289 2650 mant.
327 2592 406 2668 quod
424 2593 571 2670 contingit
589 2593 645 2650 hoc
663 2593 771 2650 vitium
794 2593 951 2652 sarcinatis
970 2609 1061 2650 causa
1084 2607 1194 2667 magno·

196 2701 262 2740 rum
281 2699 403 2740 onerum
427 2683 457 2739 et
476 2682 542 2740 viae
561 2681 698 2758 fragosae
716 2681 827 2755 labore,
849 2681 927 2738 unde
945 2699 1106 2739 nervorum
1123 2679 1194 2738 stm-

120 2769 177 2825 390
196 2771 296 2828 turam
317 2771 482 2844 patiuntur.
520 2770 598 2845 quod
620 2771 728 2829 vitium
751 2772 872 2828 curatur
894 2771 944 2828 sic.
981 2768 1154 2845 sanguinem
1174 2765 1194 2822 ci

268 2945 283 2992 2
299 2940 327 2992 et
341 2941 449 2992 autem:
464 2938 535 2993 facit
544 2941 639 2992 autem
648 2938 677 2992 B
689 2940 699 3008 ll
713 2937 907 2992 charmin:
918 2934 998 3005 ίεροίο
1014 2938 1018 3006 Ι
1034 2935 1193 2990 rathcnium:

196 3007 352 3078 ίρανθίμου
376 3006 452 3080 ῥίζης
474 3009 567 3078 δράκα
585 3010 634 3064 καὶ
654 3009 762 3078 poteras
782 3009 927 3081 ὀξύβαφον
950 3013 958 3074 Ιζ
976 3025 1014 3078 sq.
1035 3006 1141 3077 polline
1159 3004 1193 3056 in:

196 3097 264 3136 corr.
276 3082 303 3135 B
317 3083 326 3150 ll
341 3081 434 3135 theta
449 3081 487 3134 M
490 3105 496 3136 ι
511 3083 543 3135 ut
557 3097 586 3148 a;
601 3081 682 3134 betas
698 3079 784 3134 etiem
798 3095 934 3148 excoquas
950 3080 979 3132 et
992 3095 1098 3146 aquam
1112 3091 1194 3132 earum

196 3153 235 3206 ad'
247 3153 304 3206 tres
319 3152 435 3220 cyathos
451 3151 591 3206 suffundas
611 3152 672 3222 ch.
687 3153 696 3220 ΙΙ
711 3157 729 3204 o
741 3149 860 3219 μίξαντα
875 3148 969 3204 &talou
987 3147 1118 3212 ιοτοίθοος
1134 3151 1194 3214 τρεῖς

195 3223 325 3284 carcaa
340 3221 426 3291 τρισίν
441 3225 449 3292 ΙΙ
464 3229 479 3277 8
495 3226 538 3277 set
552 3225 591 3278 B:
611 3224 640 3277 et
653 3225 661 3292 ΙΙ
676 3227 691 3276 9
706 3231 756 3276 τοῦ
770 3221 825 3292 γὰρ
838 3221 964 3291 σώματος
976 3219 1043 3276 aroc
1057 3217 1090 3274 sd
1103 3221 1194 3274 διατει-

196 3292 282 3362 μίνοο
300 3292 350 3356 τὰς
369 3293 408 3356 είς
425 3291 597 3357 tetraidos
616 3290 759 3361 ἐπιρροίας
778 3290 903 3364 βελτίους
920 3288 993 3347 εἶναι
1013 3309 1046 3346 ου
1068 3290 1174 3362 βήσεται

195 3364 589 3488 iejelppcrquscm111114rfpurcisia
608 3361 845 3488 ῃὰηνίραοθίμοο
861 3358 1195 3488 ὀξύβῗϊφοτῆἶῳζᾶιίνῐῖἓ

197 3439 662 3577 attssatttatthttt
678 3437 933 3577 „tltttlltb
948 3451 1013 3560 tta
1027 3435 1192 3561 nialla:

196 3573 280 3629 teloai
300 3575 304 3645 Ι
324 3574 436 3643 plenas:
454 3574 554 3644 planas
578 3577 639 3647 ch.
654 3579 663 3644 ΙΙ
678 3581 711 3629 25
734 3593 766 3630 eo
783 3577 787 3650 l
804 3577 941 3632 extimant
