2470 3902
210 159 490 215 MULOMEDIGINA
508 159 678 215 cffluorus
696 167 836 215 rue-aer
985 160 1025 223 Π

37 310 92 367 lecit
104 310 212 385 capitis
230 311 371 382 dolorem,
394 330 470 386 quae
489 329 594 388 graece
612 312 845 388 cephaloponian
864 312 1028 389 appellant.
1069 332 1072 337 ·

36 399 97 472 quod
124 399 150 458 si
182 399 215 457 in
245 419 305 458 una
335 402 421 476 parte
454 400 566 458 cerebri
597 400 671 459 haec
702 400 853 476 corruptio
884 401 966 460 venit
997 403 1028 460 et

34 487 219 563 inundaverit,
258 509 293 547 ex
332 490 435 548 eadem
472 491 558 564 parte
595 489 706 548 doloris
744 491 887 566 gravatus
925 507 1027 548 amens

32 575 58 632 fit
81 577 209 652 apiosus.
263 598 300 637 ex
335 597 395 653 qua
431 578 592 654 gravedine
627 579 659 636 in
690 579 775 636 illam
811 579 929 652 partem
964 597 1027 636 cor-

13 666 97 738 spon's
118 667 200 743 girat
222 669 367 742 tanquam
384 670 453 742 post
470 666 591 726 molam.
627 667 705 725 unde
727 687 782 726 nec
795 665 886 740 videt,
908 667 1026 725 cerebro

31 753 95 811 enim
115 755 199 814 visas
223 756 255 813 in
284 756 377 814 oculis
407 755 541 830 pascitur
568 759 598 814 et
624 757 656 814 in
685 756 772 815 corde
803 773 913 814 sensus.
957 756 1026 813 inde

30 841 88 901 haec
110 862 213 902 omnes
238 845 427 918 valitudines
450 863 526 920 quae
554 865 570 902 e
595 845 714 904 cerebro
740 845 885 918 oriuntur,
906 862 961 902 nec
983 845 1026 903 vi·

30 930 87 988 dent
107 952 161 991 nec
185 951 276 992 sanae
299 933 407 992 mentis
430 936 507 992 sunt

82 1017 242 1080 freneticus
261 1024 362 1081 autem
379 1022 423 1097 fit,
446 1041 513 1080 cum
530 1021 627 1081 medio
647 1022 765 1081 cerebro
784 1021 935 1097 corruptio
959 1039 1025 1079 san·
1045 1021 1102 1078 268

12 1109 112 1184 eguinis
139 1111 295 1188 manando
322 1111 495 1169 membrana
521 1111 652 1169 tenderit
677 1111 774 1170 nimis.
820 1132 855 1170 ex
882 1129 941 1186 quo
968 1111 1026 1170 ier-

28 1217 85 1256 vore
111 1200 268 1277 sanguinis
300 1203 331 1258 et
357 1200 500 1258 tensionis
531 1200 627 1258 totius
659 1200 766 1277 capitis
798 1218 816 1257 a
844 1199 962 1259 cerebro
995 1201 1026 1256 et

28 1285 134 1346 insanus
156 1289 202 1347 fit.
246 1290 324 1347 unde
348 1289 445 1347 subito
468 1289 623 1364 persaliet,
650 1289 838 1365 praesepium
865 1289 950 1347 exilit
974 1288 1024 1347 vel

28 1377 187 1452 parietibus,
212 1380 244 1436 et
266 1377 400 1436 exfrenat
423 1379 453 1436 et
474 1377 640 1454 inregibilis
662 1378 811 1455 impingit.

82 1467 237 1526 cardiacus
260 1469 361 1525 autem
382 1466 418 1524 fit
441 1466 571 1524 animia
595 1467 709 1542 epifora
732 1467 825 1526 totius
848 1467 973 1525 stomaci
996 1469 1028 1523 et
1044 1471 1101 1526 266

12 1553 122 1612 storacis
146 1555 291 1614 strictura
314 1558 345 1614 et
368 1555 558 1614 concussione
581 1555 693 1614 cerebri
719 1559 749 1614 et
771 1573 909 1631 pressura
932 1555 1028 1614 cordis

29 1645 248 1719 coemptione
278 1643 431 1721 sanguinis
459 1664 494 1702 ex
515 1644 631 1703 ratione
658 1662 679 1703 s
699 1663 721 1704 s.
775 1645 853 1702 unde
881 1643 1029 1720 contingit

28 1731 107 1791 totius
133 1733 270 1808 corporis
298 1734 388 1792 sudor
415 1735 445 1791 et
472 1733 614 1792 alienatio
638 1733 761 1808 mentia,
789 1734 824 1791 de
853 1751 912 1808 qua
940 1749 1029 1790 causa

30 1818 179 1881 difficiliter
202 1822 377 1881 liberantur.

83 1910 155 1970 haec
179 1911 287 1970 similis
309 1911 387 1970 ratio
410 1911 522 1970 tenacis
546 1911 571 1969 si
594 1911 698 1986 cpioso
721 1910 909 1988 contingerit,
931 1909 1029 1968 rabio-
1047 1917 1106 1974 260

12 2011 84 2056 osum
109 2001 186 2059 facit
215 2020 251 2058 ex
273 2001 376 2058 ardore
402 2000 495 2058 nimio
522 1999 674 2058 iocineris
690 2045 697 2057 .
712 2000 824 2058 cordis
846 2002 877 2058 et
895 2017 1030 2074 spasmus

32 2103 178 2147 nervorum
210 2088 243 2146 in
275 2089 361 2147 corde
396 2089 617 2166 constringitur.
663 2109 699 2146 ex
731 2107 790 2164 qua
821 2089 1029 2148 constrictione

33 2178 56 2230 et
78 2179 196 2237 rosione
225 2177 320 2253 ipsius
353 2177 412 2236 loci
443 2177 604 2236 mordendo
639 2195 670 2236 se
702 2179 835 2236 comedet
869 2181 898 2236 et
931 2197 1029 2236 arnen-

32 2264 100 2323 tetus
119 2286 137 2325 a
156 2265 247 2325 corde
267 2266 303 2323 fit
324 2266 371 2324 his
393 2266 608 2325 valitudinibus
627 2284 648 2326 s
668 2284 690 2325 s.
736 2266 897 2342 aliquando
915 2267 1030 2326 iumen·

32 2353 85 2410 tum
110 2356 146 2414 de
178 2355 312 2431 periculo
344 2355 516 2426 liberatum,
550 2355 574 2414 si
607 2355 788 2432 contingerit
818 2357 845 2414 ei
881 2358 950 2431 post
981 2375 1029 2415 cu-

12 2441 178 2520 resonem,
213 2446 248 2502 ut
280 2444 382 2520 aliqua
413 2462 483 2519 pars
519 2443 631 2502 cerebri
664 2443 848 2503 minuabitur
883 2445 931 2504 vel
962 2445 1029 2519 plus

32 2527 208 2607 intumuerit,
241 2535 310 2608 post
341 2533 502 2592 sanitatem
534 2551 649 2608 semper
680 2533 738 2592 erit
765 2535 902 2607 ineptam.
947 2534 1030 2592 cuius
1048 2539 1104 2596 261

34 2617 104 2693 signa
131 2623 222 2680 erunt
248 2622 330 2680 haec.
375 2621 461 2700 piger
486 2621 551 2697 fiet,
581 2623 672 2680 etiam
703 2625 733 2681 et
759 2623 791 2680 in
818 2621 1030 2680 ambulandum

33 2707 133 2769 tardius
152 2710 290 2786 sequitur
312 2712 343 2768 et
364 2711 397 2768 in
418 2710 473 2768 illa
495 2713 580 2786 parte
605 2711 722 2786 capitis,
744 2711 796 2770 abi
814 2711 866 2769 citi
887 2729 922 2768 ea
940 2728 1030 2768 causa

33 2791 112 2856 inesse
135 2799 270 2873 videtur,
297 2799 459 2858 difficiliter
482 2817 512 2858 se
535 2800 688 2878 praegirat
715 2802 745 2858 et
771 2800 803 2858 in
826 2800 1030 2874 campartem

12 2885 175 2947 tantulane
203 2887 257 2946 illo
284 2889 378 2946 latere
405 2888 515 2964 parieti
543 2907 572 2947 se
600 2888 707 2966 iungit.
754 2889 779 2946 si
807 2907 875 2946 eum
904 2888 936 2946 in
962 2905 1030 2946 oon-

34 2973 112 3032 traria
138 2979 226 3052 parte
254 2979 378 3035 conatus
404 2977 496 3036 liseria
528 2977 559 3034 in
587 2977 799 3036 ambulandum
829 2977 947 3052 ducere,
979 2977 1031 3034 vix

34 3091 231 3106 Ἢ-ᾱ-

92 3169 104 3214 1
125 3162 313 3234 cephalonian
326 3165 365 3233 112
386 3164 448 3234 ch.
462 3165 519 3218 III
528 3169 547 3218 2
562 3166 566 3234 Ι
582 3165 707 3219 venisset
719 3167 728 3234 ΙΙ
742 3170 758 3217 5
773 3163 810 3216 ad
823 3164 927 3218 molam
946 3163 984 3217 Vc
1004 3163 1031 3236 ‚ll

36 3231 122 3286 tusis
152 3237 156 3303 Ι
184 3234 311 3305 parcitus
333 3238 342 3304 ss
365 3240 381 3288 9
404 3235 466 3306 ch.
486 3237 542 3289 ΙΙΙ
561 3240 578 3290 3
605 3239 614 3306 ΙΙ
643 3242 675 3290 10
703 3235 848 3304 gradando
869 3238 878 3305 ΙΙ
900 3241 934 3289 14
989 3252 1028 3305 eg.

35 3299 107 3357 ΙΙΙ4
128 3307 132 3374 1
154 3305 233 3374 etuti,
252 3305 279 3360 oi
296 3323 431 3374 suprascr.
446 3309 455 3376 ΙΙ
471 3312 504 3360 19
527 3307 589 3379 ch.
612 3305 887 3377 lustrationis
905 3305 1002 3376 opioso
1020 3306 1030 3379 ΙΙ

35 3374 61 3421 20
77 3375 217 3432 exardere:
237 3393 271 3431 ex
290 3379 389 3430 ardore
406 3377 481 3430 enim
494 3377 582 3432 nimio
596 3376 725 3432 iocinoris
740 3379 770 3430 et
781 3378 927 3448 sanguinis
940 3394 1030 3432 venae

35 3443 113 3498 eorus
125 3447 259 3516 nervique
272 3448 472 3530 praefocantur
484 3449 547 3519 ch.
564 3450 568 3520 l
585 3465 717 3518 spaumus
731 3451 740 3518 ll
755 3454 788 3503 26
803 3447 929 3520 ineptum
939 3451 1030 3518 suppl.

39 3509 91 3583 ch.
107 3516 117 3582 ΙΙ
134 3523 167 3571 28
191 3519 301 3573 subiere
320 3536 387 3574 corr.
413 3520 475 3591 ch.
499 3523 509 3589 ΙΙ
531 3526 566 3574 30
590 3519 719 3574 ambulas
