2474 3910
238 167 519 223 uenenarium
538 131 708 223 onmoms
727 173 868 224 esc-seo
996 167 1059 231 189

58 315 156 394 [55511
181 319 293 378 diebus.
338 322 368 378 55
401 319 426 378 si
461 322 559 378 aestas
591 318 698 394 fuerit,
727 318 928 378 natationibus
957 319 1060 394 uteris,

55 411 148 481 postea
172 411 275 467 autem
296 407 452 467 sinerismo
474 410 528 466 aut
550 427 685 483 acopum.
724 408 863 485 perducis
886 408 925 467 ad
947 408 1059 467 sanita-

53 501 113 571 tem,
133 497 159 555 si
178 515 268 556 causa
286 515 389 555 reeens
402 497 507 572 fucrit,
526 496 672 572 siminus,
690 496 816 573 provida
830 515 919 556 causa
933 497 1058 556 docebit.

108 586 154 644 IV
188 585 221 644 Si
256 587 389 645 iumento
425 586 510 646 nervi
545 586 745 664 obriguerint,
780 586 854 644 haee
885 586 1056 644 remediare.
1076 586 1133 642 587

34 693 178 734 snuscmn
216 674 251 733 de
290 677 381 750 puteo
419 673 554 753 colligite
596 669 710 752 †quod
745 673 895 734 videbitur
928 675 975 732 his
1012 675 1059 732 die

53 763 210 822 fomentato
240 781 320 839 aqua
349 763 460 837 calide,
490 763 621 840 axrmgia
650 766 770 841 ungeto.
816 765 847 821 et
876 764 981 822 octavo
1012 763 1059 821 die

53 851 178 911 fomenta
215 855 358 912 renovato
396 854 427 910 et
458 852 548 911 biduo
586 853 623 911 ab
660 853 823 929 alligatura
858 851 1060 926 intermittito,

53 940 150 1000 deinde
167 941 321 1018 malagma
343 941 520 1000 ficurninam
540 936 544 1019 Ι
565 941 691 1019 alligato
710 944 740 1000 et
757 941 847 1000 tertio
872 959 989 1017 quoque
1013 940 1060 998 die
1086 942 1193 1001 138Va

53 1030 166 1105 solvito,
187 1048 282 1106 usque
306 1048 364 1106 quo
388 1030 427 1088 ad
449 1030 610 1088 sanitatem
632 1030 795 1105 perveniat.

23 1135 43 1176 o
109 1118 140 1174 V
173 1117 206 1176 si
239 1118 318 1194 quod
348 1118 515 1177 iumentum
544 1118 678 1177 colefium
708 1119 834 1196 fregerit
865 1120 919 1177 aut
948 1117 1059 1192 eicerit,
1077 1119 1135 1174 588

52 1206 213 1266 insanabile
237 1209 290 1282 est,
315 1207 385 1283 quia
408 1207 523 1266 nullam
545 1207 739 1285 alligaturam
761 1208 905 1283 patiatur,
927 1206 986 1265 nisi
1009 1210 1062 1264 aut

52 1298 179 1372 tempore
213 1298 267 1354 aut
298 1295 447 1355 medicina
477 1296 590 1356 rustica
622 1297 680 1356 sibi
712 1297 856 1356 adhibita.
909 1297 983 1355 haec
1016 1297 1062 1353 est

52 1388 146 1444 autem
163 1383 313 1444 medicina
331 1385 458 1444 rustica.
474 1431 481 1444 .
496 1385 564 1461 .qui
582 1385 740 1460 proferunt
757 1386 834 1444 illud
853 1387 884 1444 et
897 1385 1015 1444 dicunt.
1031 1429 1061 1443 ..

53 1474 125 1548 quod
149 1475 176 1532 si
198 1474 254 1534 hoc
278 1476 333 1532 aut
355 1474 432 1532 illud
453 1474 606 1533 faciet...

22 1579 41 1620 rs
110 1562 156 1620 Vl
181 1561 214 1622 Si
238 1562 317 1638 quod
344 1562 511 1621 iumentum
539 1581 629 1638 snpra
656 1582 735 1639 genu
762 1562 926 1621 fraobuam
948 1562 1061 1636 fecerit,

52 1651 211 1710 incurabile
236 1669 297 1710 esse
324 1648 381 1728 [se]
407 1652 492 1727 scito,
515 1652 586 1728 quia
608 1652 665 1710 hoc
687 1651 890 1728 alligaturam
911 1651 1060 1710 continere

53 1759 107 1798 non
129 1742 240 1816 potest.
911 1789 913 1792 .

111 1829 173 1887 Vll
206 1827 238 1887 Si
271 1828 350 1905 quod
381 1829 547 1887 iumentum
578 1828 723 1904 patellam
755 1828 889 1902 eiecerit,
924 1827 980 1885 hoc
1013 1828 1058 1885 est
1077 1828 1134 1882 589

52 1918 204 1977 cuneolum
223 1919 277 1976 aut
293 1918 454 1994 spatulam,
477 1917 557 1993 quod
573 1919 684 1977 vocant
701 1917 844 1992 priorem,
867 1915 953 1993 signa
975 1918 1063 1974 erunt

21 2005 129 2065 abaco.
173 2026 281 2066 varam
307 2006 412 2082 pedem
444 2008 521 2066 foret
552 2009 583 2066 et
612 2007 786 2066 interiorem
808 2006 953 2084 ungulam
975 2023 1061 2081 prae·

53 2096 157 2154 mittet.
204 2095 246 2154 sie
269 2094 386 2154 curabis
409 2096 592 2155 decumam.
607 2141 637 2155 ..

113 2183 190 2242 VH]
209 2183 241 2242 Si
263 2184 429 2244 iumentum
452 2203 551 2262 genua
574 2188 698 2244 contusa
719 2184 866 2259 habuerit,
890 2184 931 2242 sic
950 2187 1061 2243 curato.

54 2271 77 2329 si
97 2292 157 2332 non
180 2275 319 2349 apertum
340 2273 441 2349 buerit,
464 2273 622 2352 spongiam
639 2273 745 2333 Afrum
762 2273 795 2332 in
813 2275 909 2333 lasere
929 2274 958 2331 et
978 2274 1062 2332 aceto

54 2361 156 2420 coicito
188 2363 220 2421 et
249 2361 397 2437 imponito
430 2362 469 2420 ad
500 2364 598 2423 locum
630 2364 661 2421 et
691 2363 826 2441 alligato.
872 2363 897 2421 si
925 2365 1062 2436 apertum

23 2449 154 2526 assuerit,
184 2450 377 2528 argallicum,
405 2450 491 2510 ibisci
519 2452 551 2510 in
581 2451 651 2510 vino
673 2453 770 2511 veteri
800 2451 906 2511 coicito
937 2452 968 2507 et
995 2467 1062 2508 con-

55 2539 179 2615 tundito,
202 2538 292 2599 tertio
317 2559 434 2616 quoque
458 2540 505 2598 die
528 2543 682 2616 renovato,
705 2541 798 2599 donec
821 2559 926 2598 sanum
948 2537 1010 2597 fiat.

116 2628 160 2686 IX
183 2628 215 2686 Si
237 2628 404 2687 iumentum
429 2629 549 2687 flemina
576 2628 608 2686 in
636 2648 734 2706 genua
761 2632 834 2687 nato
864 2626 989 2700 fuerint,
1020 2625 1138 2684 siesse

55 2715 176 2775 curabis.
222 2718 397 2794 sanguinem
427 2717 462 2775 de
492 2716 652 2776 brachiolis
683 2718 834 2791 detrahes,
864 2714 968 2774 deinde
1002 2711 1059 2790 [in]

57 2805 206 2882 spongiam
227 2805 401 2864 Africanam
424 2808 454 2864 et
476 2809 561 2866 aceto
585 2808 615 2864 et
636 2806 734 2866 lasare
752 2804 904 2865 madidam
922 2803 1062 2880 alligabis

24 2909 46 2948 eo
56 2911 109 2966 per
142 2894 204 2954 dics
240 2893 376 2970 aliquod,
412 2893 517 2953 deinde
555 2896 718 2954 causticam
752 2896 896 2970 impones.
951 2892 977 2950 si
1008 2892 1063 2950 hoc

130 3034 144 3081 1
171 3027 396 3084 naturcionibus:
429 3028 560 3083 mittatur
587 3028 617 3082 in
644 3028 782 3098 piscinam
810 3026 856 3081 vel
882 3025 986 3080 flumen
1013 3027 1064 3079 aut

57 3113 142 3167 mare,
159 3100 202 3154 uti
220 3102 301 3154 natet
315 3100 377 3170 ch.
392 3101 449 3154 III
458 3104 502 3168 45,
512 3104 531 3154 4
543 3102 553 3170 55
571 3106 587 3153 2
602 3099 789 3153 sincerissime
802 3101 812 3168 55
826 3104 841 3151 3
859 3096 979 3166 provida
997 3112 1064 3150 cura

58 3168 85 3220 Β
103 3170 112 3238 5
133 3176 148 3224 5
165 3173 300 3226 mustum:
319 3188 387 3226 corr.
402 3172 430 3225 B
449 3173 457 3239 55
481 3176 497 3224 6
515 3171 673 3226 fomentata
692 3172 702 3240 55
726 3176 740 3224 7
759 3171 914 3225 fomentare
932 3170 1037 3223 novato
1054 3167 1064 3241 55

60 3244 94 3291 10
106 3241 306 3313 5517557154
322 3243 326 3312 5
342 3241 471 3297 calefium
484 3245 494 3312 55
509 3247 541 3296 19
555 3242 676 3312 priorem
690 3243 788 3311 scripsi
801 3241 845 3311 (cf.
858 3239 950 3294 Celeus
959 3257 988 3308 p.
1000 3243 1064 3307 360,

60 3311 365 3376 31;GazeaiXV1112
376 3331 405 3382 p.
417 3316 494 3383 626)=
511 3313 613 3368 riotem
625 3314 680 3379 eie;
698 3315 730 3367 dc
742 3313 849 3368 Graeco
862 3329 923 3366 voce
936 3313 968 3364 ia
977 3310 1065 3379 -ώδης

61 3391 165 3440 cauete
179 3385 303 3454 55555555
320 3385 503 3467 copitooeram
516 3387 525 3455 55
544 3390 578 3438 20
595 3383 706 3438 varium
720 3386 729 3454 55
747 3383 899 3438 assulam:
919 3399 986 3438 corr.
1003 3382 1040 3435 M
1055 3381 1065 3450 55

61 3456 96 3503 55
111 3453 279 3526 adgallicum
295 3458 300 3526 1
319 3455 376 3511 ibrs
395 3455 419 3510 si
436 3459 447 3527 55
466 3462 499 3510 2⁷
518 3473 604 3525 supra
622 3459 676 3510 105
681 3477 691 3523 ,·
714 3457 776 3527 ch.
795 3456 852 3509 III
857 3459 931 3522 48,8
947 3456 951 3526 5
971 3455 1038 3507 nate
1055 3453 1065 3525 55

62 3526 96 3573 29
112 3526 226 3597 spongia
245 3525 382 3582 affricana
932 3553 934 3558 ·
