2512 3906
229 159 702 216 mobommai-effluerem
722 163 860 212 184-187
1005 157 1048 222 57

64 312 148 385 quibus
171 311 318 389 contingit
341 311 425 370 etin
447 314 551 371 ventre
574 313 721 369 tumorem
743 309 815 368 fieri.
862 309 968 384 quibus
988 327 1048 367 om·
1068 308 1126 366 184

62 401 131 458 nibus
152 419 222 458 eura
245 401 337 459 etiam
358 400 455 478 magis
479 400 629 458 contraria
648 402 701 473 est,
725 417 801 474 quae
820 398 896 456 nihil
915 418 949 456 ex
968 398 1051 456 nulla

61 508 84 547 re
102 489 236 563 proficere
258 491 391 564 possunt.
435 492 488 547 aut
510 489 542 547 in
564 489 637 564 ipsis
661 487 781 546 orificiis
800 487 924 562 aspredo
948 487 1051 546 echino

62 577 149 636 similis
170 577 331 638 invenitur.
360 578 497 638 similiter
520 577 599 636 etin
617 576 751 641 folliculo
767 577 875 634 veretri
893 575 1051 636 invenitur.

42 667 114 726 saliis
130 670 259 726 tumores
281 667 438 742 incapite,
461 666 494 724 in
517 665 698 742 temporibus
718 664 906 724 collectiones
930 663 1051 737 faciunt,

61 774 122 828 quae
149 775 182 814 eo
212 775 267 831 per
297 774 326 814 se
359 759 526 830 erumpunt.
570 756 626 815 hoc
654 757 685 813 et
711 753 743 812 in
774 753 903 811 maxillis
936 752 1051 811 evenire

61 844 128 902 solet
163 845 230 903 aliis
254 847 285 903 et
308 845 409 903 oculus
431 863 508 902 unus
537 843 710 902 intumescit
735 841 823 900 nimis
852 845 882 900 et
907 841 942 898 de
963 843 1052 900 utris-

60 952 105 1006 que
134 933 224 992 oculis
256 952 317 992 non
349 951 468 1008 crepare
498 933 546 992 vel
578 950 742 991 cancerare.
788 932 858 989 sunt
888 928 994 1004 quibus
1023 932 1053 988 et

59 1022 202 1097 glandulae
234 1022 314 1081 inter
340 1022 492 1096 maxillas,
523 1021 575 1079 ubi
601 1021 731 1096 pullaria
758 1019 841 1078 nasei
868 1019 976 1093 solent,
1008 1017 1053 1075 in·

32 1114 175 1168 acescens
212 1111 349 1170 carnibus
388 1113 419 1171 et
455 1110 665 1169 extumidiores
704 1109 787 1168 fiunt.
846 1109 920 1166 haee
953 1107 1053 1165 omnia
1072 1107 1129 1163 les

60 1198 131 1275 signa
148 1217 169 1258 s.
184 1218 206 1258 s.
226 1200 316 1258 tussis
335 1219 395 1257 non
413 1199 530 1260 deserit.
568 1199 674 1274 quibus
692 1198 723 1256 in
742 1197 902 1256 novissimo
921 1199 1053 1271 tempore

60 1287 150 1346 humor
171 1308 225 1363 ρετ
248 1307 334 1346 nares
357 1288 494 1363 putridus
518 1288 670 1346 ambulare
692 1285 817 1360 incipiet
843 1289 966 1361 propter
988 1285 1053 1360 pul·

60 1377 141 1435 monis
163 1377 391 1452 corruptionem,
437 1379 507 1435 sunt
529 1377 594 1454 alii,
623 1375 730 1452 quibus
753 1395 806 1450 per
828 1377 926 1433 totum
948 1393 1053 1449 corpus

60 1466 181 1538 pustulae
203 1466 352 1542 prodeunt
375 1466 486 1524 similes
515 1465 724 1525 aliendionum.
764 1463 820 1522 alis
843 1466 908 1522 toto
932 1481 1053 1539 corpore

32 1567 50 1604 ιι
62 1554 209 1613 similitudo
230 1557 261 1614 et
279 1554 469 1630 quaternaria
487 1554 549 1629 pilo
571 1559 619 1630 est,
638 1554 702 1629 ipse
721 1553 905 1611 demonstret
923 1553 1053 1610 scutulas

61 1642 87 1698 in
105 1646 163 1702 toto
187 1662 318 1721 corpore,
340 1645 376 1702 ut
397 1643 512 1702 lichene
534 1643 567 1700 in
586 1641 755 1700 hominibus
779 1641 841 1699 sine
864 1641 927 1698 nlla
946 1641 1053 1700 exerci-

61 1731 158 1790 tatione
182 1735 316 1808 apparet.
361 1732 511 1790 interdum
534 1732 709 1808 digeruntur
730 1750 784 1805 per
806 1729 921 1788 itineris
946 1729 1053 1788 exerei-

61 1820 197 1897 tationem,
213 1821 284 1878 dum
296 1821 446 1880 interdum
460 1824 490 1880 et
504 1820 582 1879 aliae
595 1821 799 1886 renaseuntur.
827 1819 875 1876 bis
890 1817 989 1876 evenit
1001 1837 1055 1893 ρετ
1073 1817 1130 1872 188

61 1907 167 1986 longum
182 1913 300 1986 tempus
315 1910 534 1969 exercitationis
548 1909 690 1968 beneficio
706 1910 736 1966 et
753 1927 807 1983 ρετ
827 1901 830 1986 l
852 1906 991 1965 diastima
1005 1906 1052 1964 vel
1078 1907 1183 1967 115'b

34 2007 103 2069 ²⁰per
125 1999 276 2077 sanguinis
304 1999 518 2058 detractionem
540 1999 676 2057 morbum
698 1997 829 2074 digerere
854 1999 884 2054 et
910 1995 1054 2054 firmiores

62 2084 121 2144 fieri.
155 2090 225 2146 sunt
248 2087 298 2163 ali,
322 2088 375 2162 qui
393 2107 428 2146 ex
446 2087 519 2162 ipsis
538 2087 631 2164 signis
650 2086 843 2164 perlongum
866 2087 983 2160 tempus
1001 2105 1056 2160 per

61 2176 168 2235 maciem
184 2179 321 2252 pereunt.
359 2178 432 2235 baec
455 2179 525 2234 sunt
546 2176 634 2234 huius
657 2174 753 2234 morbi
772 2174 857 2251 signa
880 2174 1054 2249 pervarias

62 2261 321 2340 demonstrationes,
340 2265 465 2342 singulis
484 2265 655 2340 corporibus
670 2282 746 2339 quae
760 2263 930 2338 contingere
949 2262 1054 2321 solent.

63 2353 210 2429 exquibus
234 2354 327 2430 signis
350 2354 486 2413 morbum
508 2353 620 2412 maleos
642 2352 810 2429 intelligere
832 2369 998 2426 possumus.

37 2448 53 2486 ²⁵
113 2461 188 2502 nunc
211 2443 347 2518 seqnitur
369 2445 400 2501 et
425 2443 481 2502 hoe
505 2443 578 2500 scire
606 2441 736 2518 plenius,
764 2441 911 2516 quomodo
936 2443 966 2498 et
989 2438 1129 2514 qui-182

62 2527 105 2588 bus
126 2532 165 2590 eis
188 2531 341 2590 subveniri
363 2531 458 2607 possit
481 2551 516 2590 ex
540 2530 677 2589 omnibus
705 2528 950 2588 suocursionibus.
994 2528 1054 2603 pri-

62 2635 127 2676 num
153 2640 220 2679 oum
249 2620 482 2678 intellexerimus
515 2619 647 2694 aliquam
675 2619 872 2694 suspicionem
899 2615 994 2675 morbi
1022 2616 1054 2673 in

63 2723 167 2782 corpore
195 2709 310 2786 inesse,
345 2709 497 2786 sanguinis
528 2709 741 2767 detractionem
772 2707 836 2764 fieri
869 2706 988 2781 oportet
1019 2704 1054 2762 de

64 2797 157 2856 cervice
181 2797 334 2873 copiosum
357 2801 388 2856 et
410 2797 446 2856 de
469 2797 585 2857 venulis
609 2799 639 2855 et
658 2796 693 2855 de
711 2795 873 2856 visceribus
893 2793 941 2852 vel
959 2793 1052 2852 desub

40 2889 138 2944 ³⁰causa
167 2887 249 2945 illius
282 2886 355 2962 loci,
388 2887 441 2945 ubi
473 2904 503 2944 se
535 2886 641 2945 humor
672 2885 768 2943 morbi
800 2881 1055 2956 demonstraverit,

65 2975 217 3047 saepissime
239 2974 319 3034 etde
338 2978 473 3050 tempora
487 2977 518 3033 et
535 2974 570 3032 de
589 2975 692 3050 palato
711 2975 833 3049 propter
851 2970 957 3046 capitis
976 2969 1055 3028 coin·

66 3061 258 3132 quinationem.
306 3066 337 3122 et
362 3083 448 3122 urere
475 3063 624 3122 morbidos
648 3064 774 3138 oportet.
821 3059 863 3118 sic
885 3059 1000 3135 palmas
1024 3058 1056 3117 in

66 3150 160 3220 cervice
191 3156 244 3212 aut
275 3153 308 3210 in
345 3152 468 3210 eandem
505 3171 625 3211 oausam
657 3154 687 3209 et
718 3149 882 3208 decusatim
917 3148 971 3206 ilia
1004 3149 1057 3206 aut
1125 3185 1127 3210 ι

67 3239 249 3309 gratiurlatim
279 3260 368 3316 super
389 3241 507 3300 renibus
537 3240 691 3316 permixtis
721 3236 839 3313 punctis
871 3236 1056 3295 subrenalem

42 3329 58 3368 ³⁵
68 3327 228 3406 curabimus,
256 3329 305 3388 rel
335 3330 556 3406 quibuscunque
586 3331 685 3386 tumor
701 3347 743 3385 ex
765 3326 868 3384 morbo
890 3325 1056 3384 increscens

107 3466 139 3539 ,e
157 3463 253 3518 enno
280 3465 290 3534 ιι
317 3469 334 3516 4
352 3462 448 3518 rameri
475 3464 485 3532 ιι
512 3457 670 3532 τειεεειι
694 3462 703 3529 ιι
731 3463 763 3513 rs
782 3458 867 3528 pilos:
886 3461 975 3529 appr.
997 3459 1025 3512 Β
1047 3458 1057 3530 ιι

73 3531 233 3588 liutardum
242 3561 275 3580 =
284 3534 398 3588 interim
411 3535 450 3590 W
460 3536 469 3604 ΙΙ
483 3539 515 3586 31
528 3535 556 3587 et
566 3533 664 3587 addidi
677 3534 686 3602 l
700 3536 734 3585 33
744 3530 795 3584 illa
808 3533 817 3601 l
831 3536 865 3584 34
875 3529 1057 3601 praemixtie?
