2512 3906
195 178 216 243 6
419 177 698 234 MULOMEDICINA
718 178 887 234 CHIRONIS
908 183 976 232 7-9

193 329 325 405 aequali,
349 329 492 388 cervicem
514 328 596 386 illius
619 329 683 388 loro
707 329 820 406 cingeS,
848 329 928 404 quod
950 328 1048 387 lorum
1071 328 1198 387 strictius

193 421 330 476 teneatur
353 437 441 493 super
463 418 600 493 scapulas
623 417 660 476 ab
685 418 795 494 aliquo,
820 420 855 476 ut
877 417 973 493 possit
994 436 1071 476 veno
1095 417 1198 476 clarius

157 507 329 567 taminare.
365 508 423 565 huo
446 506 545 565 lorum
567 506 726 565 deductum
744 506 868 565 inferius
887 525 977 582 quam
994 507 1124 564 mediam
1142 525 1198 565 oer-
1248 485 1249 564 l

191 596 299 672 vicem,
322 596 419 654 medio
449 596 528 653 enim
556 595 589 653 in
617 596 682 655 loco
713 595 834 655 cervicis
856 595 905 655 vel
934 595 1058 654 inferius
1088 595 1198 654 duobus
1248 609 1249 640 1

188 685 299 760 palmis
323 704 413 760 quam
434 684 570 759 bifurciu
594 685 645 759 qui
669 686 714 742 est
737 685 775 742 ad
798 684 901 762 gulam
918 685 1050 760 positum
1072 685 1105 742 in
1127 684 1197 742 late·
1219 692 1249 732 ⁵³

190 773 272 832 ribus
285 773 425 848 faucium,
443 773 520 832 siout
536 773 606 848 dixi,
624 773 750 832 inferius
769 792 845 833 vena
864 773 976 851 sagitta
994 773 1089 850 pungi
1106 773 1196 832 debet.
1248 787 1249 818 4

191 863 233 922 sio
257 866 419 938 antequam
441 861 599 938 percutias,
623 863 780 939 spongiola
803 881 870 921 cum
893 880 972 938 aqua
995 862 1114 921 deducis
1132 863 1198 937 post
1248 877 1249 910 ὲ

190 952 294 1028 pilum,
317 954 353 1010 ut
374 951 471 1026 possit
493 950 603 1009 clarius
626 951 762 1010 eminere.
807 951 946 1026 pollicem
968 951 1092 1009 inferius
1111 969 1198 1026 quam
1248 979 1249 982 ¹

190 1041 289 1099 lorum
316 1039 470 1115 deprimis,
493 1041 528 1097 ut
550 1058 626 1097 vena
654 1039 788 1114 superius
812 1041 991 1098 extumidior
1012 1039 1066 1098 fiat
1088 1042 1119 1098 et
1141 1059 1197 1098 non
1248 1083 1249 1086 η

153 1130 288 1205 Sludat,
318 1131 348 1187 et
377 1129 419 1186 sio
450 1129 604 1187 acutatam
631 1129 774 1205 sagittam
797 1128 898 1206 exigis.
947 1126 1028 1205 [bino
1058 1147 1133 1204 quae
1162 1129 1198 1186 sit
1209 1135 1249 1175 11ἶ

190 1218 269 1277 idem
283 1217 375 1290 ratio,
390 1217 470 1292 quod
484 1217 605 1293 sanguis
620 1217 770 1276 detractus
785 1217 961 1293 quibusdam
977 1217 1073 1276 causis
1088 1217 1198 1276 unctio·
1248 1263 1249 1268 1

64 1309 167 1370 104vb
190 1307 277 1366 nibus
300 1307 410 1364 mixtus
433 1306 585 1364 vulmaro
608 1306 657 1364 vel
680 1309 763 1365 aceto
786 1299 789 1388 l
811 1309 842 1365 et
859 1307 924 1366 oleo
943 1325 1061 1365 rursum
1079 1306 1198 1365 eandem
1248 1324 1249 1327 ’

150 1401 157 1446 ι’
190 1413 313 1455 causam
335 1395 417 1452 liniri
439 1395 630 1470 praecipitur.
668 1395 709 1453 ali
727 1415 796 1455 uero
816 1396 958 1473 sanguine
978 1395 1104 1454 mixtum
1122 1395 1198 1453 dixe·

188 1486 261 1543 runt
281 1483 348 1542 ideo
372 1484 468 1542 causis
491 1483 605 1559 imponi
628 1487 751 1559 propter
769 1485 891 1543 collesin
909 1485 1197 1544 medicamentorum.

188 1575 245 1632 hoc
264 1574 365 1631 autem
382 1573 536 1648 proprium
554 1592 614 1631 non
633 1575 685 1633 est.
732 1573 835 1632 multis
858 1573 937 1632 enim
960 1573 1117 1650 generibus
1141 1573 1228 1632 col-1⁵
1248 1595 1249 1624 1

188 1661 258 1721 lasis
278 1661 561 1721 medicamentorum
584 1661 674 1720 aliter
695 1661 760 1720 fiori
777 1665 884 1738 potest.
925 1663 1077 1721 detractus
1100 1665 1198 1730 autem
1248 1693 1249 1704 ¹

189 1751 310 1828 sanguis
328 1752 451 1826 propter
474 1769 679 1826 quamcunque
698 1753 783 1826 parte
807 1751 1001 1810 inbecillitate
1027 1751 1076 1810 vel
1099 1751 1197 1810 dolore

187 1859 242 1899 suo
266 1839 385 1915 corpori
407 1839 547 1915 imposito
570 1841 605 1896 ut
622 1840 786 1898 remedium
804 1841 987 1916 antipathiae
1006 1840 1129 1916 prodest
1147 1858 1197 1898 suo

189 1929 307 2003 corpori
334 1947 508 2003 omnemque
538 1928 775 1987 imbecillitatem
801 1931 832 1987 et
855 1929 987 1988 dolorem
1015 1931 1093 1988 tollit.
1130 1947 1198 1986 nam
1248 1961 1249 1966 κ

188 2016 236 2076 sui
255 2016 386 2092 corporis
405 2016 615 2076 consuetudine
629 2020 764 2090 praestet
778 2018 937 2076 sanitatem
956 2019 1119 2076 adhaerens
1138 2037 1198 2076 cor·
1210 2024 1249 2070 2⁰1

146 2108 171 2165 *a
190 2104 257 2181 pori
280 2105 400 2182 sanguis
425 2110 451 2164 et
473 2105 575 2182 exugit
597 2103 726 2182 vitium]
757 2126 794 2165 ne
818 2108 875 2166 hoc
897 2108 965 2182 plus
993 2125 1085 2182 quam
1107 2106 1198 2165 tribu·

189 2193 252 2252 lum
279 2194 423 2271 exegeriS,
455 2213 491 2252 ne
520 2194 622 2271 gulam
652 2197 706 2253 aut
736 2196 944 2272 gurgulionem
971 2215 1101 2271 rumpas
1144 2196 1199 2253 hoc
1248 2217 1249 2264 1

188 2283 268 2341 enim
294 2301 415 2357 passum
436 2283 518 2341 vitae
545 2283 710 2358 periculum
737 2285 908 2362 contingere
932 2284 1015 2344 solet.
1061 2301 1197 2361 percussa

189 2389 267 2430 vena
285 2371 370 2430 dabis
390 2371 492 2430 fenum
513 2372 562 2431 vel
584 2371 764 2449 farraginem
786 2374 920 2451 viridem,
943 2375 978 2432 ut
1000 2374 1096 2449 possit
1117 2392 1198 2431 man·

181 2460 324 2520 ducendo
348 2463 538 2536 permotum
561 2461 751 2520 maxillarum
778 2481 831 2537 per
854 2481 961 2521 venam
983 2463 1090 2521 melius
1112 2479 1197 2521 uoou·
1210 2465 1231 2507 ²⁵

188 2549 304 2608 tidiare.
350 2549 441 2608 facies
465 2549 667 2608 decursionem
690 2551 852 2629 sanguinis,
879 2553 1024 2627 quantum
1047 2551 1103 2610 tibi
1127 2550 1198 2609 satis

185 2639 287 2714 fuerit,
310 2640 400 2714 prout
422 2638 659 2716 magnitudinem
682 2640 814 2715 corporis
836 2639 954 2700 videris.

261 2796 275 2843 1
295 2791 374 2857 iufra
393 2794 447 2844 564
460 2792 469 2860 ΙΙ
484 2795 499 2843 2
517 2806 604 2845 venas
618 2792 628 2860 ΙΙ
642 2796 658 2844 3
672 2790 765 2844 locum
778 2793 787 2859 11
802 2796 817 2844 5
832 2791 919 2861 gylan
932 2793 942 2861 ΙΙ
957 2797 972 2844 6
990 2807 1078 2846 venas
1093 2789 1171 2860 agita
1188 2789 1198 2860 ll

187 2867 205 2915 ‘1
225 2860 276 2915 sio:
301 2865 345 2915 set
367 2861 395 2914 Β
412 2862 415 2932 l
433 2860 523 2916 deluis
548 2863 591 2930 W,
616 2861 744 2930 deterges
772 2863 834 2932 ch.
853 2864 862 2932 ΙΙ
881 2868 896 2916 9
916 2861 1009 2916 locum
1022 2864 1031 2932 ΙΙ
1046 2867 1080 2916 10
1102 2860 1199 2916 cludat

193 2933 264 3003 ch,
284 2932 381 2987 cludat
399 2933 438 2987 W
459 2935 463 3001 Ι
489 2933 653 2987 adontatam
669 2936 673 3000 Ι
689 2931 755 2986 hinc
772 2950 826 3002 sqq.
845 2950 930 3002 usque
951 2935 988 2987 ud
1005 2932 1108 2987 vitium
1126 2934 1143 2987 l.
1161 2935 1197 2985 21

186 3005 297 3058 iniuria
318 3005 371 3060 lucc
391 3004 496 3070 delata,
519 3005 553 3071 cf.
573 3004 635 3074 ch.
654 3005 764 3070 [aas
780 3006 895 3077 lneque
914 3003 952 3057 sit
970 3004 1039 3058 item
1056 3005 1084 3058 Β
1101 3007 1111 3075 ΙΙ
1130 3009 1161 3057 13
1182 3018 1199 3055 a

187 3091 277 3148 libero
292 3085 344 3160 sa¹g⁹
364 3095 373 3160 l
397 3098 431 3146 14
445 3091 530 3146 colles
550 3091 591 3146 in:
664 3091 792 3162 κόλλησιν
814 3095 824 3162 ΙΙ
852 3097 884 3146 15
907 3092 1033 3148 collectis
1060 3095 1070 3163 n
1098 3098 1130 3147 18
1149 3093 1199 3145 aut

187 3163 219 3216 111
241 3163 352 3232 pathie:
376 3179 444 3218 corr.
467 3163 495 3216 Β
517 3166 526 3233 ΙΙ
550 3169 583 3217 19
594 3181 632 3234 sq.
658 3165 782 3233 supplevi
806 3163 884 3218 tollit
908 3171 934 3219 et
957 3166 1065 3234 praest:
1089 3164 1200 3219 constat

188 3232 264 3287 enim
281 3233 405 3288 naturali
420 3234 544 3302 quadam
557 3234 666 3289 ratione
683 3279 688 3289 .
704 3278 710 3290 .
725 3235 818 3305 ipsum
832 3235 1006 3305 sanguinem,
1025 3252 1089 3290 cum
1106 3249 1199 3304 supcr-

188 3303 267 3358 fusus
278 3307 328 3374 est,
342 3304 543 3376 languentibus
557 3306 689 3360 membris
703 3310 847 3375 praestare
860 3305 1030 3360 medicinam
1043 3305 1199 3374 vitiumque

189 3391 295 3447 siccare
314 3393 375 3464 ch.
390 3395 446 3464 1121
467 3376 519 3466 sa'g⁸
538 3395 542 3465 Ι
560 3396 589 3448 et
602 3396 701 3449 addidi
716 3397 720 3463 1
736 3394 873 3449 tribulum
885 3394 1094 3464 =triobolum3
1113 3411 1150 3448 un
1163 3419 1199 3438 =

187 3460 314 3535 τρίβολος
341 3466 360 3518 o'.
379 3482 400 3519 e.
425 3482 491 3520 acus
522 3467 612 3532 ferrea
634 3465 727 3532 frent?
749 3469 759 3536 ΙΙ
781 3472 815 3519 23
842 3483 954 3534 passur:
977 3467 1087 3521 factum
1111 3467 1170 3536 Veq.
1190 3463 1200 3535 Η

185 3540 223 3588 24
241 3534 409 3606 faraginem:
425 3562 458 3581 =
472 3535 643 3606 farraginem
656 3539 665 3606 ΙΙ
680 3543 713 3590 25
733 3536 900 3592 acottidiare
