2512 3906
279 153 562 208 MULOMEDICINA
580 153 749 214 CHIRONIS
769 160 873 210 85—87
1040 155 1085 219 29

91 303 241 362 callositate
273 323 380 362 narum
409 298 413 384 1
442 304 606 382 intelliges:
648 324 790 364 cavernae
823 308 893 364 sunt
925 305 1081 366 subtiliter.
1108 307 1215 368 109'b

92 411 136 466 per
160 393 233 468 quod
261 393 379 452 caverni
406 394 540 452 foramen
568 394 686 452 oculum
713 394 809 454 lavari
837 395 924 453 multi
948 398 1084 454 auctores

93 481 212 540 dixerunt
236 483 290 557 sic,
313 485 349 540 ut
370 481 501 540 fistulam
524 483 661 560 gracilem
682 483 730 542 vel
754 486 880 542 cicutam
902 485 934 542 in
956 484 1012 544 hoc
1036 503 1084 543 oa·

92 589 167 628 verno
192 571 287 646 naris,
312 591 399 646 quem
427 571 641 647 demonstravi,
669 571 805 632 subiciat.
850 575 980 632 rostrum
1002 593 1083 632 mero

70 657 199 734 simplest
221 663 251 718 et
273 680 328 735 per
341 679 407 718 eam
425 663 551 719 cinctam
575 661 681 736 sufflet,
706 679 772 719 cum
794 681 876 720 mero
894 661 973 720 intro
997 682 1084 737 pene·

91 749 145 806 tret.
187 767 252 808 cum
274 750 332 808 hoc
353 749 470 825 feceris,
499 749 603 808 statim
627 749 760 809 invenies
784 749 902 808 ooulmn
924 750 1083 811 lacrimari.

92 855 119 894 ex
139 857 191 912 qno
213 838 365 914 intelliges
388 859 455 896 eum
478 838 612 897 foramen
636 839 675 897 ad
698 839 816 898 oculum
839 839 995 914 pertinere.
1034 860 1087 899 19·

26 991 27 1006 ¹
90 924 169 984 locius
190 926 334 1002 proficiet,
357 927 405 984 cui
427 928 483 985 hoc
506 928 619 986 factum
641 928 740 986 fuerit.

26 1015 28 1070 ζ
143 1015 198 1074 XII
222 1015 423 1090 Quodcunque
445 1016 611 1074 iumentum
634 1017 687 1075 sub
711 1016 795 1075 oculo
817 1017 882 1091 ipso
902 1017 1003 1074 centro
1023 1016 1083 1074 ossi
1103 1018 1140 1074 85

62 1119 80 1157 n
90 1120 244 1175 percussum
273 1105 427 1180 quodlibet
453 1105 530 1164 ictus
562 1109 705 1164 tumorem
737 1105 841 1164 fecerit
872 1106 993 1180 durum,
1026 1105 1085 1163 cal-

89 1190 182 1270 losum,
215 1193 386 1270 ossilaginis
419 1194 553 1253 similem.
611 1194 652 1252 sic
685 1215 752 1252 eum
782 1196 893 1254 curato.
944 1194 1086 1268 deponito

89 1279 238 1340 iumentum
262 1285 293 1340 et
316 1283 431 1358 aperito
455 1284 553 1342 cutem
576 1283 730 1358 scalpello,
759 1302 879 1342 causam
908 1286 938 1342 et
966 1301 998 1341 os
1021 1301 1085 1342 scc-

26 1383 27 1386 ’
90 1371 179 1429 oc'sorio
203 1390 270 1429 eam
293 1371 466 1448 gumbulam
485 1372 698 1448 cartilaginosa
718 1373 766 1430 vel
790 1391 855 1431 osso
881 1372 944 1430 alta
963 1372 1086 1450 caedito,

90 1459 117 1514 ut
144 1459 295 1535 deplanes,
331 1462 367 1518 ut
398 1480 465 1518 enm
501 1461 599 1519 locum
631 1461 670 1518 ad
706 1461 931 1519 similitudinem
964 1461 1087 1519 alterius

62 1560 80 1598 1⁵
90 1547 171 1619 partis
195 1549 312 1608 reddas,
350 1568 416 1608 cum
442 1549 517 1608 bene
541 1550 679 1608 cecideris
702 1552 734 1607 et
756 1549 962 1624 deplanaveris
980 1549 1087 1624 locum,

91 1638 160 1694 aceto
192 1640 223 1695 et
255 1638 321 1696 oleo
353 1638 485 1696 linteolis
518 1638 566 1697 vel
602 1638 704 1697 licinio
736 1639 856 1696 madido
890 1658 957 1696 eum
988 1638 1086 1697 locum

90 1725 204 1800 comples
232 1729 263 1784 et
290 1727 438 1785 fasciabis.
483 1727 574 1786 tertio
602 1726 649 1785 die
682 1727 789 1786 solvito
819 1729 849 1786 et
876 1727 1014 1786 similiter
1037 1745 1085 1785 ou·
1105 1726 1143 1781 86

26 1821 27 1830 ’
90 1814 145 1872 rato
174 1834 227 1889 per
259 1815 322 1873 dies
349 1815 385 1891 V,
418 1816 510 1874 donec
542 1817 661 1875 fervura
693 1816 817 1875 desinat.
869 1815 974 1874 deinde
1006 1819 1087 1874 trau-

89 1902 185 1962 notice
208 1906 312 1962 curato
337 1907 367 1962 et
389 1904 578 1964 catastaltico
601 1905 787 1963 labraturam
810 1904 886 1963 cutis
910 1905 1086 1980 consumite,

26 2045 27 2064 1
62 1988 169 2049 sodoneo
199 2011 229 2051 se
256 1993 364 2052 vulnus
404 1993 542 2069 limpidet
577 1996 607 2052 et
639 1997 754 2069 aequet.
810 1994 889 2068 quod
921 1993 946 2052 si
977 1994 1089 2052 videris

90 2095 176 2138 ossum
188 2081 288 2156 ipsum
302 2101 480 2140 concamare
494 2101 555 2140 non
568 2101 662 2160 posse,
685 2082 784 2140 radito
803 2084 867 2140 tam
890 2081 942 2140 diu
964 2083 1087 2142 cottidie

26 2197 27 2236 1
89 2184 134 2240 per
148 2169 265 2245 nistera,
288 2171 381 2229 donec
404 2172 562 2248 sanguinet
581 2174 611 2229 et
629 2173 795 2230 concernat.
833 2173 936 2230 ornato
959 2172 1087 2230 medica·

26 2245 27 2310 J
90 2257 184 2316 nentis
206 2259 436 2336 congruentibus
461 2260 576 2320 vulnus.
624 2278 730 2318 sanum
756 2260 815 2318 fiet.
862 2260 941 2335 quod
971 2261 996 2319 si
1019 2262 1088 2336 post

26 2331 27 2394 3
92 2346 237 2406 sanitatem
267 2366 302 2406 ea
330 2366 419 2406 cansa
447 2367 610 2407 excrescere
634 2349 777 2424 coeperit,
804 2351 923 2424 punctis
950 2349 1089 2408 cauteriis

62 2445 81 2483 11
91 2434 167 2512 urite,
188 2439 257 2495 usta
280 2440 392 2496 curato.
438 2456 543 2496 sanum
566 2437 625 2496 fiet.

26 2551 27 2556 ¹
146 2525 216 2583 XHI
234 2525 435 2601 Quodcunque
453 2527 619 2584 iumentum
643 2529 771 2585 strumas
791 2527 840 2585 vel
862 2527 1016 2602 parotidas
1034 2527 1082 2585 vel
1102 2526 1138 2581 87

93 2613 215 2687 scrophas
227 2614 375 2690 habuerit,
394 2615 434 2673 sic
449 2636 517 2674 enm
529 2615 687 2692 intelliges.
725 2617 825 2674 tumor
843 2615 946 2674 dextra
965 2615 1086 2674 sinistra

93 2697 123 2755 ab
147 2703 278 2762 auncula
299 2722 392 2778 usque
421 2705 460 2762 ad
488 2704 588 2763 fauces
615 2705 736 2782 grandis
763 2705 921 2778 increscet‚
950 2706 980 2761 et
1006 2705 1087 2762 recto

26 2785 27 2788 ’
96 2789 179 2863 capite
202 2793 258 2850 erit
282 2795 313 2850 et
335 2793 557 2867 praefocabitur
574 2793 665 2852 simili
690 2793 777 2852 modo
801 2796 836 2851 ut
859 2793 896 2851 ab
916 2793 1088 2868 strangulas.

66 2875 130 2934 sosio
158 2899 220 2938 eum
253 2881 378 2940 curabis.
430 2881 560 2957 primum
591 2881 856 2958 cataplasmatibus
889 2884 919 2939 et
950 2881 1090 2939 fomentis

153 3091 167 3137 3
179 3085 249 3140 sicut
262 3084 358 3140 fistula
372 3086 479 3156 gracie:
494 3085 587 3140 tenuis
601 3087 697 3141 fistula
710 3088 772 3156 1799.
790 3087 794 3157 1
810 3084 942 3141 cutitam:
935 3101 1020 3140 ·cocr.
1031 3087 1070 3140 M
1079 3082 1091 3156 11

95 3153 255 3211 lsnbicias?
273 3160 282 3228 11
306 3163 321 3210 ὅ
340 3155 496 3227 1119191111
518 3157 622 3211 utitam
644 3161 647 3228 1
674 3157 785 3211 suffles?
789 3159 817 3236 11
840 3163 855 3210 9
879 3157 941 3226 1799.
961 3157 1091 3229 1112211

96 3225 814 3310 10111019119911179911119011111110110
837 3230 846 3297 11
869 3233 902 3280 13
926 3229 1091 3298 gumbulam

96 3299 289 3352 =oumbulam
307 3231 643 3370 B‚g1nviilamfclso
666 3301 749 3370 17991
775 3298 885 3352 caedito
856 3299 988 3371 17199·
1014 3299 1090 3354 dieto

97 3379 128 3418 ac
139 3369 148 3436 11
161 3373 191 3422 l't
209 3342 344 3426 ceciderit
355 3317 420 3439 1118191]
437 3370 593 3424 ibraturam
612 3301 1091 3442 179911110111191111114911119111111

97 3437 237 3556 33qu
218 3444 274 3496 III
287 3445 325 3496 23
347 3443 356 3511 11
378 3447 410 3494 11
435 3442 564 3511 strophas
587 3443 596 3511 11
619 3447 652 3495 19
671 3440 880 3511 provocabitur:
909 3459 976 3498 corr
1000 3442 1087 3514 17991

99 3511 257 3580 srangwiria
