2512 3906
196 157 241 220 34
386 155 668 210 MULOMEDIOINA
687 155 855 211 CHIRONTS
875 161 1014 211 103-106

153 361 155 366 ,
197 307 346 383 cludatur,
375 308 405 364 et
431 306 577 365 relevabis
601 325 619 364 a
647 306 746 365 nervis
779 305 839 366 sive
868 306 1022 381 suspendis
1049 306 1081 364 in
1108 307 1197 364 altum

197 397 228 453 et
260 413 342 454 secus
377 395 561 454 sarcolabida
596 413 681 453 aoum
719 394 838 454 traicies
874 413 941 453 cum
976 395 1073 471 ipsam
1107 399 1196 454 cutem

198 502 309 561 ossum,
344 483 388 542 ita
422 485 457 542 ut
486 485 583 542 totam
612 502 718 543 venam
749 483 931 560 praecingas.
978 485 1075 544 aciola
1105 484 1196 542 nervis

198 573 331 649 conligas
355 575 386 630 et
407 572 600 649 constringes,
622 572 667 630 ita
689 575 725 630 ut
741 573 852 630 fluxum
871 573 1023 650 sanguinis
1042 573 1196 648 praecidas.

198 661 303 720 deinde
320 661 461 738 religabis
480 663 580 736 partes
599 663 746 720 extremae
765 679 857 720 venae
876 679 958 720 secus
981 663 1078 738 ipsam
1086 661 1196 736 proeci-
1216 674 1226 713 ⁵

123 749 181 806 103
201 769 300 810 suram
335 749 367 808 in
399 750 494 809 aciola
526 750 623 826 nervi,
659 750 737 809 sicut
768 768 858 824 supra
889 750 958 811 dixi.
1013 770 1080 810 cum
1111 768 1196 809 venae

197 839 398 916 colligaveris,
430 858 466 896 ne
497 839 607 898 resolvi
636 839 744 916 possit,
778 839 874 898 solves
905 839 990 898 illam
1021 839 1143 898 fibulam
1170 839 1196 895 in

199 929 304 1003 cutem,
329 946 418 1002 quam
441 927 644 1003 colligaveras.
691 927 861 986 emendabis
883 928 1048 1002 periculum
1070 931 1103 987 ta
1125 945 1196 986 emo-

197 1017 288 1076 roide.
334 1016 389 1075 hoc
421 1015 530 1090 ubique
558 1015 590 1073 in
619 1016 699 1075 omni
730 1017 795 1074 loco
827 1034 920 1074 venae
951 1020 1130 1093 praeruptae
1161 1016 1196 1074 sic

197 1105 366 1164 faciendum
389 1104 565 1163 demonstro.
608 1105 741 1179 superius
765 1107 865 1162 autem
887 1105 919 1162 in
942 1105 1094 1166 brachiolo
1112 1117 1225 1165 venosa

196 1193 360 1267 intercisas,
384 1193 531 1266 quomodo
551 1193 765 1268 demonstravi,
789 1193 946 1252 vulnerata
968 1214 1121 1271 nunquam
1144 1193 1196 1252 suf·

197 1282 303 1340 fundet
325 1281 499 1355 iumentum,
521 1282 569 1340 cui
591 1283 647 1340 hoc
669 1283 782 1340 factum
804 1282 902 1340 fuerit

120 1369 179 1427 104
264 1370 319 1427 XX
350 1369 413 1427 Alii
436 1370 477 1428 sic
500 1370 638 1428 dixenmt
663 1370 727 1428 fien'
750 1373 895 1446 oportere,
918 1392 955 1430 ne
978 1391 1121 1447 umquam
1144 1369 1196 1430 suf·

196 1458 304 1516 fundat
330 1461 452 1534 propter
479 1459 644 1518 emoroidas
668 1459 828 1536 sanguinis.
875 1479 942 1518 cum
963 1461 1077 1519 factum
1101 1463 1146 1518 est
1169 1459 1196 1516 in

196 1549 338 1622 tempore,
353 1546 475 1606 cicatrix
486 1549 647 1607 constricta
660 1567 720 1606 non
734 1548 866 1623 patietur
880 1549 1033 1626 sanguinis
1043 1549 1195 1607 transitum
1207 1556 1225 1596 1⁵

196 1635 260 1694 fieri
283 1636 315 1694 in
332 1637 453 1694 recenti.
481 1638 670 1711 postmodum
688 1639 795 1696 tenuat
813 1637 936 1696 cicatrix
953 1657 1045 1696 venae
1065 1640 1096 1696 et
1113 1637 1197 1696 latior

196 1725 248 1783 fiet
266 1729 293 1783 et
316 1725 475 1783 transitum
499 1725 652 1802 sanguinis
670 1726 816 1784 admittet.
858 1723 913 1802 [et]
933 1745 1024 1801 quare
1043 1727 1116 1786 haec
1135 1742 1196 1785 cura
1242 1791 1243 1796 ¹

196 1833 256 1872 non
279 1814 476 1890 perlongum
499 1817 624 1889 tempus,
649 1833 709 1874 non
736 1815 864 1889 prodest.
911 1834 986 1889 quae
1015 1834 1086 1873 cura
1113 1815 1196 1872 inter-

197 1902 317 1961 cisionis
348 1921 490 1961 venarum
523 1922 641 1978 quoquo
672 1903 737 1962 loco
766 1903 935 1961 faciendum
974 1904 1139 1979 praecipio,
1168 1903 1197 1959 ut

198 1991 332 2067 superius
354 1991 563 2051 demonstravi.
608 1991 663 2050 illa
690 1991 769 2049 enim
792 2010 861 2051 cura
884 2011 1026 2052 venarum
1045 1995 1126 2051 certa
1149 1993 1226 2050 estu

120 2081 178 2137 105
263 2080 457 2154 quodcunque
487 2080 652 2138 iumentum
685 2080 805 2138 flemina
838 2081 870 2138 in
900 2081 1022 2157 genibus
1057 2080 1195 2155 habuerit,
1241 2131 1242 2134 ,

197 2167 239 2226 sic
261 2168 385 2226 curabis.
432 2168 544 2244 sagitta
565 2169 671 2227 flemen
693 2169 823 2228 effimdes
851 2171 882 2226 et
907 2170 989 2228 lasar
1015 2189 1082 2229 cum
1111 2171 1196 2242 aceto,

196 2257 329 2314 lanulam
347 2256 498 2314 madidam
520 2257 551 2314 in
574 2276 623 2316 eas
646 2258 751 2335 plagas
770 2257 895 2317 subicies
914 2261 945 2316 et
963 2259 1118 2334 spongiam
1136 2277 1196 2317 cum

196 2363 286 2420 posca
308 2345 415 2418 Afram
444 2349 475 2403 et
501 2346 582 2404 lasar
612 2365 699 2421 super
728 2365 826 2423 genua
855 2346 996 2421 impones.
1042 2347 1133 2406 te1tio
1156 2345 1195 2403 die
1241 2337 1242 2342 ’

197 2434 293 2493 solves
317 2435 348 2491 et
369 2434 472 2492 lanula
495 2434 604 2494 eximes
627 2438 657 2493 et
685 2434 802 2494 curabis
829 2436 1039 2494 tetrafarmaco
1066 2456 1120 2512 per
1142 2435 1228 2492 dress

197 2542 318 2581 numero
344 2522 379 2580 V.
427 2542 531 2582 sanum
560 2523 620 2582 fiet.
666 2524 691 2583 si
722 2524 834 2582 fluxum
864 2525 996 2583 humoris
1028 2527 1059 2582 et
1090 2525 1197 2598 clodigo

196 2614 403 2686 persequetur,
434 2613 677 2688 cataplasmabis,
707 2613 799 2671 donec
829 2613 936 2671 humor
965 2615 995 2672 et
1023 2613 1152 2689 impetus
1173 2612 1197 2669 et
1240 2677 1241 2698 ,

124 2701 182 2756 106
201 2700 317 2777 clodigo
350 2701 486 2761 desiniat.
540 2702 644 2760 deinde
676 2702 887 2778 fenugraecum
917 2704 1034 2761 coctum
1064 2722 1099 2760 ex
1123 2718 1196 2759 mero

196 2789 269 2846 bene
292 2789 364 2847 trito
392 2789 512 2848 induces
539 2790 571 2848 in
600 2809 699 2865 panno
730 2793 761 2848 et
788 2790 930 2865 impones.
977 2791 1024 2850 vel
1055 2791 1081 2850 si
1109 2790 1197 2848 fluxus

196 2877 328 2936 humoris
357 2897 416 2936 non
446 2878 620 2953 desinuerit,
654 2879 779 2938 linteola
810 2881 841 2936 et
870 2879 978 2938 cortice
1008 2880 1082 2938 malt
1111 2879 1142 2937 in
1170 2883 1240 2954 solt,

68 2967 172 3024 111¹a
195 2969 280 3024 cocta
308 2968 386 3025 teres
418 2969 448 3025 et
479 2967 620 3042 impones.
652 2960 655 3048 1
685 2986 752 3026 eum
788 2967 919 3042 coeperit
950 2968 1056 3027 melius
1087 2968 1196 3038 habere,

197 3055 349 3132 malagma
372 3055 510 3131 diacylon
532 3056 675 3131 impones.
721 3075 825 3115 sanum
848 3056 907 3116 fiet

269 3230 284 3278 2
302 3241 376 3280 cum:
397 3223 465 3278 sub?
488 3226 497 3294 11
521 3229 537 3277 3
556 3224 647 3279 aciola
660 3251 695 3270 =
710 3241 775 3294 acu;
795 3243 833 3280 aa
852 3225 942 3280 acicla
957 3251 990 3270 ==
1005 3224 1131 3279 acicula?
1149 3225 1174 3278 B

197 3300 213 3348 ὁ
227 3295 390 3350 recisuram:
406 3313 473 3349 corr.
488 3297 514 3350 L
528 3297 537 3364 11
552 3301 567 3349 6
581 3296 674 3350 nervis
689 3297 716 3350 B
730 3298 739 3366 11
753 3301 769 3349 8
783 3297 973 3366 memoroyde:
985 3323 1018 3342 =
1029 3294 1183 3364 αἱμορροΐδι

198 3371 230 3419 17
255 3369 284 3420 et
301 3368 384 3435 potas
406 3367 543 3434 supplevi,
565 3369 713 3422 secandam
734 3368 784 3421 oet.
805 3369 832 3422 B
855 3371 864 3437 11
888 3372 920 3426 18
944 3369 1024 3438 [non]
1047 3368 1175 3437 prodest?
1190 3367 1198 3434 11

197 3443 230 3490 22
246 3437 307 3507 ch.
317 3438 425 3502 11148,
434 3442 466 3503 8;
480 3438 558 3504 iufra
568 3441 636 3506 5903
651 3439 809 3508 Pela9.193
821 3441 832 3508 11
846 3445 879 3492 23
894 3438 1014 3508 spongia
1027 3441 1036 3508 11
1051 3445 1085 3492 24
1095 3453 1196 3508 agram:

196 3523 264 3562 corr.
283 3507 384 3577 eufrati
402 3513 435 3561 26
453 3506 560 3561 olodico
581 3514 590 3577 11
611 3515 645 3562 30
663 3509 738 3562 male
758 3511 768 3579 11
788 3515 821 3562 32
841 3509 985 3579 dyacilon:
1001 3537 1034 3556 =
1050 3509 1099 3564 διὰ
1116 3511 1198 3579 χυλῶν
