2474 3910
190 144 255 208 244
378 139 660 197 MULOMEDIOINA
679 139 848 196 canterus
867 144 1007 194 iss-isc

191 293 339 354 subiectus
363 296 416 368 est,
440 292 526 368 quasi
549 311 584 351 ex
602 310 637 350 ea
655 293 744 350 natus
762 291 862 349 alitur.
899 291 947 350 cui
966 288 1071 348 deinde
1091 307 1161 347 cum
1177 289 1200 345 X

192 383 294 442 diebus
321 382 453 441 insuevit
480 400 569 456 equa,
597 399 712 456 semper
738 382 843 456 postea
870 379 1052 439 desideranti
1077 377 1201 453 praebet

190 471 271 530 uber.
322 472 364 531 sic
391 470 522 529 nutritus
550 469 740 528 admissarius
768 487 859 544 equas
890 468 1014 545 diligere
1048 467 1200 526 condiscit.

191 561 340 619 interdum
363 560 463 634 etiam,
482 559 618 634 quamvis
640 559 775 618 materno
798 559 876 617 lacte
899 557 939 616 sit
961 556 1117 631 educatus,
1139 559 1201 631 pot

192 652 273 708 esta
296 651 397 708 tenero
416 649 500 724 pullo
519 650 709 707 conversatus
733 665 877 723 equarum
890 645 1083 704 familiariter
1102 663 1202 703 earnm
1221 661 1230 702 s

192 739 433 798 consuetudinem
456 740 603 812 appetere.

121 827 176 884 785
261 828 310 886 De
335 825 516 886 coloribus
540 828 575 884 et
596 826 683 901 pilis
705 825 925 900 maculisque
948 821 1142 882 mutandis.

257 917 422 975 iumentum
445 917 479 973 ut
498 915 626 974 colorem
643 916 747 992 mutet,
770 914 888 973 acaciae
910 913 1042 972 radicem
1065 930 1103 970 11
1121 915 1202 970 aceto

195 1005 322 1065 conteris
345 1007 376 1064 et
397 1022 543 1082 penmges
565 1005 664 1063 totum
686 1021 791 1078 corpus
813 1002 946 1062 iumenti.
988 1001 1121 1060 colorem
1142 1019 1203 1058 mu·

195 1095 282 1154 tabis.
1214 1105 1232 1144 1

56 1182 222 1242 resilias
265 1182 405 1241 iumentis
429 1181 467 1240 ad
493 1181 588 1256 pilum
614 1183 649 1238 ut
680 1180 768 1239 cadat
798 1183 828 1240 11
854 1181 950 1238 mutet
972 1179 1118 1253 colorem,
1147 1173 1153 1255 Ι
1183 1177 1204 1235 si

193 1271 294 1330 album
324 1271 423 1329 fuerit.
470 1270 572 1345 sinape
595 1269 831 1328 Alexandrinum
860 1271 890 1327 et
920 1268 1044 1343 panacis
1072 1267 1203 1326 radicem

194 1363 225 1419 et
246 1362 328 1418 lasar
350 1363 380 1418 et
403 1358 552 1418 coriandri
574 1358 648 1416 folia
671 1379 707 1417 11
729 1361 812 1417 11111
832 1357 959 1417 conteris
978 1360 1009 1416 et
1026 1356 1161 1432 imponis
1179 1358 1204 1414 et

195 1449 237 1508 sic
260 1448 411 1527 alligabis,
434 1467 471 1506 ne
495 1447 571 1507 solvi
593 1449 696 1522 possit.
742 1449 846 1522 postea
875 1445 993 1505 curabis
1021 1446 1071 1504 sic.
1121 1447 1202 1505 aceto

194 1541 225 1597 et
248 1538 313 1597 oleo
337 1537 489 1596 exaniabis
513 1540 543 1595 et
564 1536 780 1596 medicamento
803 1537 858 1595 hoc
880 1535 987 1608 uteris,
1017 1538 1106 1594 carta
1130 1547 1231 1594 com-u

193 1627 282 1686 busta
305 1629 335 1685 et
358 1626 445 1701 adipe
468 1625 580 1684 recenti
603 1625 651 1684 vel
674 1625 761 1684 suillo
784 1625 833 1683 vel
856 1624 956 1699 ovillo,
978 1626 1084 1699 postea
1106 1623 1202 1682 acacia

195 1716 316 1776 decocta
338 1736 374 1773 ex
396 1716 480 1774 aceto
502 1715 633 1789 inpones.

122 1804 176 1860 781
262 1805 386 1880 capillos
412 1804 514 1880 nigros
540 1802 658 1862 inficere
686 1802 728 1862 sic
754 1802 851 1862 doceo
898 1801 985 1876 adipe
1008 1800 1135 1859 suillum
1157 1801 1203 1858 aut

195 1894 326 1953 medulla
356 1892 475 1952 cervina
504 1891 622 1969 subiges
651 1892 683 1949 in
707 1909 779 1950 vaso
809 1891 961 1967 plumbe0,
992 1889 1099 1948 deinde
1131 1908 1201 1948 com-

195 1983 282 2042 bures
312 1982 470 2040 mustelam
500 1983 530 2040 et
559 1981 621 2039 eius
649 1981 760 2040 cineres
788 1979 904 2055 corpori
932 1979 1072 2054 iumenti,
1103 1978 1137 2036 id
1162 1979 1231 2035 estc

194 2073 356 2147 pulverem,
379 2070 519 2148 aspergis.

262 2160 356 2234 pilum
387 2158 488 2216 album
515 2157 634 2236 nigrum
661 2157 766 2217 facere.
818 2157 866 2216 vel
895 2157 982 2214 lanae
1011 2157 1096 2214 texta
1125 2173 1196 2214 com·

195 2248 279 2306 buris
309 2251 341 2305 et
368 2247 551 2306 nasturcium
582 2267 617 2306 ex
645 2247 733 2304 melle
761 2246 905 2321 imponis,
936 2247 966 2304 et
994 2245 1116 2322 nigrum
1144 2243 1197 2300 fiet

196 2337 326 2413 primum
348 2336 443 2411 pilum
464 2335 559 2410 vellis,
582 2356 618 2393 ne
641 2335 726 2394 radix
748 2335 849 2410 aliqua
871 2335 1034 2408 remaneat,
1059 2336 1090 2392 et
1113 2352 1145 2391 11
1168 2348 1198 2388 11

197 2426 412 2485 medicamento
435 2424 561 2500 inponis.
1210 2432 1231 2474 ss

2 2539 3 2556 1
126 2513 182 2569 788
266 2515 362 2590 pilum
398 2513 499 2572 album
529 2511 654 2571 rubeum
684 2512 789 2572 facere.
844 2506 957 2586 spuma'
980 2510 1099 2589 argenti
1129 2513 1200 2567 teres

198 2604 270 2662 bene
305 2606 335 2662 11
366 2603 476 2662 calcem
503 2602 604 2662 vivam
636 2621 672 2660 11
702 2602 781 2661 11111
813 2601 947 2659 infantili
973 2601 1023 2659 vel
1055 2620 1091 2658 ex
1121 2599 1198 2655 aceto

199 2693 389 2752 commiscens
418 2693 449 2749 in
480 2691 540 2750 sole
571 2690 666 2750 calido
694 2691 826 2749 maculas
859 2689 980 2748 fricabis
1014 2706 1046 2746 eo
1079 2685 1199 2746 medica-

198 2783 312 2857 mento,
335 2779 458 2838 rubeum
480 2780 539 2838 fiet.
586 2782 655 2838 ante
677 2781 778 2837 tamen
801 2778 933 2836 maculas
955 2777 1060 2836 brivis
1082 2773 1197 2834 lavabis.

266 2869 304 2928 ad
321 2870 399 2944 pilos
418 2868 623 2946 denigrandos
656 2867 692 2926 de
710 2866 833 2926 nucibus
852 2866 1013 2944 grandibus
1030 2864 1145 2924 botruos
1165 2875 1229 2919 1111

200 2959 265 3018 1111
288 2977 409 3034 coques,
440 2961 558 3017 etcum
582 2957 620 3014 ad
641 2957 747 3015 tertias
770 2956 934 3030 decoreris,
964 2953 1117 3014 defricabis
1136 2968 1196 3008 ma-

200 3048 281 3107 culas
305 3046 397 3122 albas,
421 3049 451 3105 et
473 3044 715 3123 denigrabuntur.

126 3133 182 3190 789
267 3136 344 3211 pilos
367 3135 450 3195 albos
474 3135 512 3194 ad
534 3135 663 3194 colorem
685 3137 719 3192 ut
745 3133 859 3194 reddas.
905 3133 982 3208 pilos
1010 3131 1089 3190 albos
1109 3126 1195 3186 velles

201 3227 232 3283 et
253 3225 351 3283 locum
374 3223 529 3283 elutriabis
552 3225 635 3283 aceto
660 3225 689 3281 et
712 3222 836 3297 prendes
858 3225 972 3281 mustas
990 3225 1099 3280 etcum
1115 3217 1196 3274 carta

273 3433 287 3478 2
312 3426 453 3480 desiderat
470 3425 501 3480 111
527 3430 537 3497 ΙΙ
559 3433 575 3480 6
594 3426 671 3496 pullo
690 3443 741 3480 om.
761 3425 817 3480 dol.
842 3427 967 3496 1181111
995 3421 1148 3478 aaronem
1168 3421 1195 3471 et

203 3497 279 3549 exta:
298 3511 366 3549 corr.
385 3497 413 3548 B
435 3499 444 3564 ΙΙ
468 3503 500 3549 28
521 3513 583 3550 eum
605 3499 614 3566 ll
637 3496 811 3550 3411111111
