2470 3902
212 133 496 199 MULOMEDICINA
514 133 685 190 OHIRONIS
703 140 844 190 346-348
975 135 1038 200 105

55 283 169 341 culorum.
215 283 343 359 quodsi
366 283 414 343 cui
437 285 594 362 contingit,
616 280 774 364 'scurranti
797 285 912 345 efficere
935 305 1037 362 posses

53 372 231 447 succurrendo,
245 391 404 432 succurras.
432 373 586 452 sanguinis
601 375 814 433 detractionem
827 375 927 451 facies,
941 377 1037 436 solves

50 479 120 518 renas
140 461 302 520 infaciem
325 462 408 520 etin
430 466 560 538 pectore,
582 463 762 538 persecueris
785 482 886 522 omnes
909 467 939 522 et
959 465 1038 524 circa

49 549 195 608 claviculas
233 553 264 610 et
281 568 379 609 escam
397 569 514 610 omnem
532 551 577 610 uti
591 551 710 611 debebis
730 555 760 610 et
776 552 929 627 potionem
947 554 1037 612 hanc:
1056 557 1114 614 846

30 643 229 714 scertameam,
256 639 452 714 absinthium,
478 641 697 717 peucedanum,
724 640 891 716 serpillum,
914 659 1037 720 sagape-
1110 679 1112 688 ι

48 746 109 801 num,
125 729 301 803 vetonicam,
319 728 509 806 saxifragum,
533 729 738 806 aristologiam
760 729 927 788 rotundam.
963 730 1037 790 haec

48 818 127 876 omnia
152 818 259 876 tundes
288 819 319 875 εὴ
348 818 443 876 cernis
470 818 573 894 aequis
599 818 778 894 ponderibus
809 822 839 877 et
866 837 974 894 coques
1001 839 1037 877 ex

47 923 108 980 aqua
132 907 179 966 vel
208 925 275 964 cum
301 906 371 966 vino
399 911 430 965 et
456 907 498 965 sic
526 907 553 966 ei
577 907 668 965 dabie.
715 911 745 966 εὴ
767 907 823 965 hae
846 925 892 966 res
916 926 1035 978 amarae

46 999 100 1052 sunt
120 999 149 1053 et
169 995 289 1054 morbus
313 1013 430 1054 amarus
454 998 507 1054 est.
543 995 588 1054 ita
608 996 715 1072 incipit
736 996 810 1054 haec
831 996 915 1071 potio
934 1014 1037 1054 amara

18 1083 255 1142 amaritudinem
278 1084 432 1159 expellere.
468 1085 541 1142 item
564 1088 594 1144 et
614 1085 706 1143 aliam
723 1085 876 1161 potionem
894 1085 988 1159 dabis,
1011 1085 1037 1143 si

44 1171 87 1230 hoc
102 1192 158 1231 non
175 1172 334 1248 proficerit.
371 1173 540 1233 cucurbitae
559 1173 718 1251 Aegiptiae
737 1193 837 1233 semen
858 1174 937 1250 quod
956 1175 1038 1249 capit

44 1261 223 1339 acetabulum,
246 1261 337 1339 friges
360 1264 390 1320 et
413 1261 575 1322 contundes
597 1263 754 1337 minutum,
778 1265 947 1322 commisces
971 1283 1038 1321 cum

43 1349 99 1407 vino
117 1345 121 1428 l
141 1350 209 1409 albo
229 1351 344 1408 cotulas
366 1350 406 1426 H,
429 1353 460 1410 et
476 1370 531 1426 per
548 1351 705 1409 lentiolum
724 1351 831 1427 celate,
854 1370 956 1412 sucum
975 1352 1038 1410 eius
1059 1359 1162 1419 124'b

42 1456 85 1510 per
104 1440 236 1498 dextram
258 1458 361 1497 narem
383 1439 528 1517 gementis
547 1440 716 1498 suffundito.
752 1441 826 1499 haec
847 1440 914 1516 ipsa
937 1443 1038 1499 autem
1055 1446 1114 1504 347

17 1529 201 1602 uccmpositio
225 1530 256 1587 et
278 1528 317 1586 ad
339 1528 524 1587 disinteriam
546 1529 625 1587 facit.
663 1529 705 1588 sic
724 1528 848 1588 curabis.
885 1529 910 1588 si
928 1530 1038 1607 Aegip-
1112 1593 1114 1598 ,

43 1615 91 1674 tiae
112 1616 279 1676 cucurbitae
304 1635 403 1675 semen
425 1636 485 1675 non
507 1617 656 1692 habueris,
680 1618 788 1676 sumito
808 1619 969 1676 cucumeris
988 1619 1038 1676 sil·

43 1705 142 1778 vvaticae
163 1705 297 1764 radicem
319 1709 350 1763 et
371 1706 545 1765 contundite
573 1705 658 1765 etin
681 1727 715 1767 eo
739 1707 848 1765 adicies
871 1726 966 1782 aquae
991 1726 1037 1765 co-

43 1794 108 1852 tulas
123 1795 154 1852 Π
177 1798 208 1852 et
229 1794 272 1852 ibi
290 1794 380 1852 sinito
399 1814 459 1853 una
477 1797 562 1854 nocte
581 1795 737 1870 macerari3
761 1795 866 1854 deinde
889 1795 1038 1854 sublatam

44 1886 159 1942 conteres
183 1885 214 1942 et
236 1882 348 1942 celabis
371 1887 402 1942 et
424 1884 594 1943 commisces
616 1885 649 1942 in
672 1903 706 1942 eo
729 1884 849 1942 nitrum.
875 1884 917 1943 sic
939 1904 1038 1959 repre-

16 1969 119 2030 uheusa
140 1973 245 2049 lingua
267 1971 394 2031 iumenti
411 1993 465 2048 per
488 1991 520 2031 os
542 1993 606 2031 rem
629 1973 778 2031 suffundas
800 1992 854 2049 per
876 1973 938 2032 dies
962 1976 1038 2049 octo,

43 2065 143 2131 partem
161 2061 543 2130 dimidiammedicamonti
556 2061 588 2120 in
602 2061 665 2120 dies
678 2061 738 2119 VH
755 2064 855 2137 partes
868 2061 928 2120 VH
942 2062 1037 2122 bibere

44 2147 99 2207 dare
114 2149 238 2224 curabis,
260 2152 290 2208 et
305 2150 397 2208 aliam
416 2154 534 2226 partem
550 2150 705 2209 dimidiam
722 2151 754 2208 in
767 2149 827 2209 Vll
846 2154 946 2226 partes
962 2151 1037 2210 diui-

44 2253 102 2314 sam,
124 2240 260 2315 quotiens
284 2258 351 2297 eum
369 2239 543 2314 adaquabis,
566 2243 597 2298 et
613 2239 673 2297 VH
691 2239 794 2298 diebus
812 2240 948 2299 miscebis
967 2242 1037 2300 cibis

45 2329 175 2401 elwarde.
211 2328 286 2386 item
307 2327 380 2386 nitri
403 2329 486 2387 crudi
509 2329 624 2388 contusi
646 2328 734 2386 mixti
757 2328 790 2386 in
811 2329 914 2388 vinum
937 2329 1038 2388 cotula
1056 2344 1114 2402 348

18 2429 35 2469 u
44 2431 86 2485 per
108 2436 191 2476 nares
220 2417 395 2494 suffundit03
426 2417 525 2493 ipsum
551 2417 655 2475 vinum
681 2417 816 2492 tepidum
843 2419 883 2477 sit
914 2437 1038 2492 semper,

46 2520 71 2558 ex
87 2525 139 2579 quo
158 2506 281 2564 ordeum
299 2506 441 2582 aspergis.
482 2507 613 2581 itemque
632 2509 662 2564 et
680 2506 790 2581 fenum,
816 2507 952 2582 quotiens
971 2525 1038 2564 eum

46 2591 199 2669 adaquabis,
222 2614 258 2652 ex
277 2612 311 2652 eo
329 2595 409 2652 nitro
427 2598 494 2653 tuso
514 2595 631 2653 adicies
669 2595 828 2670 quodquod
850 2598 949 2653 autem
968 2596 1037 2652 ante

46 2685 149 2741 castrati
166 2687 237 2742 sunt
255 2686 308 2741 aut
326 2685 503 2758 castrantur,
521 2702 581 2741 non
599 2683 731 2742 incident
748 2685 779 2741 in
797 2685 875 2742 hunc
893 2683 1037 2741 morbum.

45 2767 198 2848 plerumque
221 2771 269 2830 his
292 2773 371 2830 enim
394 2773 541 2850 contingit
562 2773 689 2830 maxime
712 2772 812 2847 pullis,
835 2791 902 2830 cum
923 2771 1035 2845 except'

19 2862 100 2917 aaut
115 2862 249 2935 protinus
268 2861 303 2919 de
322 2881 411 2938 grege
435 2863 465 2919 et
483 2861 603 2920 solitam
621 2862 861 2920 exercitationem
880 2863 1038 2919 caruerimt

103 3001 116 3046 1
133 3011 169 3064 aq.
189 2994 288 3068 (nisi)
306 2993 414 3048 recenti
432 2992 516 3068 (nil)
535 2994 643 3049 efficere
661 2993 752 3065 possis
772 2994 964 3048 succurrendo.
996 2991 1037 3046 sic

47 3065 138 3118 curetur
156 3067 183 3120 B
196 3069 236 3136 {12
256 3068 398 3120 succurret
418 3067 427 3135 l
450 3071 466 3118 3
484 3065 659 3134 persequeris
681 3067 691 3134 ιΙ
712 3070 727 3118 5
746 3068 920 3132 supro197;
942 3064 1042 3134 chI

47 3135 107 3198 13‚5
131 3136 140 3208 ll
166 3143 181 3190 6
208 3135 392 3206 saxifragiam
413 3139 422 3207 ΙΙ
446 3142 478 3190 11
504 3153 591 3206 suma
614 3139 687 3202 201;
711 3134 746 3188 H
765 3140 839 3200 11,1
862 3133 981 3204 ἡμέτερα
1005 3132 1036 3188 δὲ

47 3201 168 3273 εὑρήματα
185 3216 274 3262 ταῦτα
287 3209 297 3276 ΙΙ
312 3212 345 3260 12
364 3207 513 3261 minutim?
526 3211 536 3276 ΙΙ
558 3212 591 3260 14
610 3205 761 3276 gementis:
779 3204 899 3260 iumenti
918 3206 955 3259 M
969 3206 973 3275 Ι
989 3205 1036 3259 καὶ

47 3275 104 3345 “dib
120 3277 148 3333 db
166 3288 199 3351 τῇ
218 3279 349 3346 &vespiae
385 3283 509 3348 χρῆσθαι
526 3274 707 3348 πεφρυγμένῃ
726 3277 789 3330 add.
808 3277 844 3330 H
864 3281 867 3346 Ι
887 3283 920 3330 lb
938 3275 1009 3331 facis
1028 3278 1036 3347 ll

48 3348 74 3395 16
102 3346 208 3417 ἄριστον
244 3347 275 3404 δὲ
311 3299 367 3404 uoci
395 3358 444 3404 τοῦ
479 3346 579 3418 ἀγρίου
618 3345 714 3402 ovatae
748 3346 799 3416 τὴν
833 3345 851 3416 ρ’
863 3351 913 3412 ζαν
947 3345 1037 3429 ababuc

46 3414 131 3485 tracto
155 3419 336 3494 1120118111
357 3436 387 3474 os
412 3437 483 3477 rem:
508 3436 586 3474 orem
606 3417 661 3486 Ml
682 3418 741 3472 dies
767 3419 892 3486 septem?
911 3419 971 3491 1111
993 3437 1037 3473 vr-

47 3500 111 3543 rere:
127 3491 286 3558 ποτίζοντας
299 3493 309 3560 ΙΙ
323 3495 357 3543 23
375 3507 412 3560 sq.
432 3490 503 3545 cibis
522 3493 551 3544 et
569 3505 659 3556 aquae
678 3489 766 3558 suppl.
786 3489 814 3542 B
