2474 3910
202 169 267 233 214
389 169 670 225 MULOMEDIGINA
688 170 856 227 CHIRONIS
876 176 1016 226 oss-681

203 323 233 378 et
255 319 403 378 lemniscis
427 339 512 379 curas
536 325 618 380 aceto
643 324 674 379 et
700 321 765 380 oleo
793 322 919 397 optimo,
952 321 1058 380 deinde
1089 321 1204 379 cottidie

202 409 294 467 lixiva
317 409 402 467 caldo
424 409 524 468 fovere
547 410 665 470 debebis
689 413 719 468 et
741 429 844 469 curare
863 411 948 469 rebus
968 410 1202 487 congruentibus,

202 498 294 556 donec
317 516 421 556 senum
444 498 504 556 fiat.
551 499 657 574 quibus
685 500 785 557 evenit
806 518 908 558 reuma
930 500 962 556 in
984 499 1116 557 testibus
1139 499 1202 574 pati

200 589 234 644 ut
257 587 381 645 exiccuti
403 605 520 645 rursum
542 588 721 663 inpleantur,
744 588 804 646 ium
828 589 990 646 exiocstum
1008 587 1092 646 urito
1112 591 1202 646 testes.

81 676 180 734 143rb
200 675 316 734 curubis
338 671 443 753 ustc,l
469 677 615 751 quomodo
644 695 734 752 supra
763 673 811 752 [s]
833 696 854 736 s.
878 680 930 735 est.
975 678 1068 734 testes
1103 676 1202 734 tumidi

200 764 241 823 sic
269 765 361 822 curati
391 764 455 822 seni
485 764 568 824 fiunt.
602 765 649 824 vel
680 765 733 824 sic:
763 768 832 823 ante
862 765 1052 823 suffusionem
1077 765 1202 824 vulneris

198 853 396 928 ydrocelicum
420 857 446 911 et
466 854 661 913 reumaticum
684 856 823 929 castrato,
845 854 888 912 ite
912 872 1017 912 senum
1039 854 1143 914 facies

122 943 179 998 679
264 941 345 1000 LXV
378 941 577 1017 Quodcunque
604 943 768 1001 iumentum
795 943 968 1018 ydropicum
995 942 1044 1001 vel
1073 943 1201 1018 stropho
1231 955 1232 990 l

199 1049 263 1088 sum
290 1032 477 1106 paracentcsc
504 1050 606 1089 curare
633 1032 775 1106 volucris,
808 1032 850 1090 sio
876 1034 987 1090 curato.
1034 1033 1084 1088 4⁰²
1107 1032 1200 1108 digitis
1231 1057 1232 1079 1

199 1119 235 1177 eb
258 1117 404 1177 umbelico
423 1119 454 1176 in
472 1119 620 1194 prioribus
642 1117 773 1196 [mecies]
795 1119 924 1179 medium
940 1122 1076 1179 ventrem
1096 1121 1200 1197 sagitte

197 1208 377 1283 pertundito.
423 1208 467 1266 ite
490 1209 595 1282 facito,
619 1229 655 1266 ne
678 1209 853 1268 intestinum
875 1227 991 1286 pungas
1021 1211 1052 1266 et
1075 1208 1198 1266 fistulam

198 1295 373 1354 centetulem
389 1297 514 1355 subicito
529 1297 560 1354 in
574 1298 697 1355 eandem
711 1297 833 1375 plagam
847 1300 877 1355 et
891 1297 979 1356 sinito
994 1297 1198 1355 humorem...
1231 1343 1232 1347 ,

197 1388 223 1443 sl
242 1385 426 1461 exiccuveris,
445 1386 538 1444 exime
557 1386 688 1445 fistulam
707 1389 737 1444 et
755 1385 973 1462 emplastellum
991 1385 1117 1444 inducis.
1153 1386 1198 1444 hoc
1231 1401 1232 1404 ’

198 1492 264 1531 cum
287 1474 417 1532 auferre.
433 1520 439 1532 .
455 1475 513 1533 ,ite
535 1475 634 1533 facies.
680 1475 736 1533 hec
758 1495 789 1532 re
813 1493 917 1534 sanum
940 1474 998 1533 fiet.

121 1563 179 1619 680
263 1561 360 1620 LXVI
390 1562 590 1639 Quodcunque
619 1564 783 1622 iumentum
806 1566 953 1622 veretrum
983 1563 1155 1621 submiserit
1176 1566 1198 1620 et

197 1670 334 1710 revocare
357 1671 417 1710 non
447 1653 591 1727 potuerit,
621 1655 724 1711 curato
756 1653 890 1711 omnibus
913 1651 1000 1710 rebus
1023 1653 1197 1711 necessariis.

198 1740 222 1798 si
253 1759 312 1799 non
341 1741 501 1817 profecerit
533 1744 564 1799 et
595 1761 654 1800 non
686 1741 882 1815 revocaverit,
915 1741 957 1799 sic
989 1760 1058 1798 eum
1081 1741 1196 1800 curabis.
1231 1787 1232 1790 η

198 1830 337 1904 deponito
361 1830 533 1904 iumentum,
560 1832 589 1887 et
611 1833 761 1888 veretium
791 1830 868 1904 eius,
899 1829 950 1888 sed
979 1829 1065 1888 iuxta
1094 1832 1198 1888 oruset
1231 1873 1232 1876 η

197 1918 294 1992 ipsum
317 1918 426 1977 nodum
451 1922 476 1977 et
497 1918 676 1994 folliculum,
703 1919 763 1978 lino
788 1918 888 1978 valido
911 1917 1040 1994 religato
1063 1918 1146 1990 bene,
1166 1937 1195 1974 ne
1232 1960 1233 1969 ,

196 2007 371 2081 resolvatur,
394 2007 451 2065 nisi
475 2007 592 2082 quando
616 2010 651 2065 tu
672 2007 809 2067 volueris.
840 2011 881 2065 ·et
903 2006 1022 2084 longius
1043 2007 1080 2064 eb
1101 2007 1194 2082 allige-
1232 2023 1233 2040 *

196 2096 265 2152 tura
295 2095 386 2167 dipito
422 2095 563 2170 scalpello
593 2097 755 2170 praecidito
791 2098 821 2154 et
855 2096 933 2153 unito
968 2095 1059 2170 bene,
1093 2095 1137 2153 its
1167 2097 1194 2150 ut
1232 2111 1233 2118 ¹

120 2183 176 2238 681
197 2181 294 2257 ipsum
316 2202 422 2257 porum
449 2184 553 2242 urinae
580 2204 640 2243 non
669 2203 752 2260 ures,
784 2188 818 2243 ut
847 2185 958 2262 megire
989 2185 1094 2259 possit.
1138 2202 1194 2242 cum

196 2270 269 2328 bene
288 2272 405 2345 usseris,
425 2274 526 2331 teneto
545 2292 666 2331 menum
684 2273 810 2348 fortiter,
830 2293 866 2330 ne
885 2272 1030 2349 refugiet,
1054 2274 1085 2330 et
1104 2273 1193 2330 laxato

196 2359 303 2434 linum,
336 2362 366 2418 et
392 2359 489 2418 locum
517 2361 555 2419 ab
583 2363 711 2439 axungia
744 2364 774 2420 et
806 2361 870 2420 oleo
903 2361 1022 2421 satiato.
1073 2361 1192 2419 remitte:

197 2449 299 2507 stetim
323 2448 420 2526 fugiet
452 2449 516 2507 sibi.
567 2453 597 2508 et
626 2451 668 2509 sic
697 2450 821 2509 curabis
868 2449 953 2508 calda
984 2449 1119 2508 fomente
1147 2446 1191 2505 snb

195 2538 260 2613 ipso
278 2539 426 2613 ypotcuro
446 2537 576 2614 cottidie,
600 2558 708 2614 aquam
726 2539 858 2614 tepidam
877 2541 907 2596 et
921 2538 1020 2596 oleum
1039 2539 1190 2614 peripsum

196 2627 362 2685 folliculum
398 2626 523 2684 ulterius
560 2627 781 2701 clisterimabis,
819 2627 960 2703 quonism
996 2629 1119 2704 tangere
1147 2642 1190 2700 per

196 2715 362 2774 folliculum
393 2715 517 2773 ulterius
548 2733 613 2773 eam
643 2735 763 2775 oausam
794 2736 853 2775 non
887 2717 988 2791 poteo,
1023 2718 1059 2773 ut
1087 2715 1188 2773 urinam

162 2803 164 2808 '
196 2803 295 2863 faciat.
341 2804 417 2863 hano
441 2823 541 2863 curam
565 2805 686 2863 cottidie
717 2804 850 2863 adhibito
880 2824 932 2880 per
962 2804 1025 2862 dics
1048 2804 1112 2862 XV.
1151 2818 1187 2858 ss·

196 2912 267 2950 num
289 2893 348 2951 fiet.
1198 2902 1223 2944 Ἀ

268 3103 283 3150 6
303 3099 393 3152 curari
414 3100 417 3164 1
444 3098 467 3151 si
480 3100 519 3167 117
539 3100 567 3152 et
585 3099 684 3152 addidi
696 3099 735 3166 118
754 3114 840 3166 supra
858 3102 910 3152 401
916 3118 927 3163 ;
948 3097 1028 3163 infra
1047 3101 1116 3161 70&
1136 3093 1182 3160 ch.

195 3167 232 3221 ΙΙ
250 3173 293 3235 16,
304 3173 336 3235 3,·
360 3170 386 3223 V
400 3173 472 3236 24,4
490 3171 498 3239 11
518 3174 533 3222 9
552 3170 731 3238 paracentae:
747 3195 781 3215 =
794 3166 1021 3237 παρακεντήσειΙΙ
1036 3173 1070 3220 10
1087 3163 1181 3219 mecies:

195 3238 316 3292 tunicis?
335 3239 521 3294 membranis?
536 3242 544 3309 11
560 3245 592 3293 12
611 3239 731 3294 sustines
750 3240 894 3294 humorem
912 3254 1021 3293 currere
1040 3255 1131 3306 sopra,
1147 3233 1181 3285 de·

197 3309 271 3364 sines
294 3309 439 3365 humorem
457 3314 489 3364 ut
507 3311 636 3365 decurret
654 3311 733 3377 iufra
750 3313 759 3380 11
778 3316 810 3364 13
830 3309 854 3364 si
873 3310 970 3366 addidi
986 3309 990 3379 1
1007 3304 1160 3362 exicceberis
1174 3299 1182 3327 Γ

198 3384 230 3431 15
249 3381 327 3444 iufra
346 3384 400 3433 730
416 3382 421 3449 1
436 3382 568 3435 feretrum
588 3385 597 3448 11
617 3387 650 3434 17
668 3381 829 3448 proiecerit:
849 3380 873 3434 si
892 3381 971 3462 [non]
990 3377 1131 3461 proiecerit
1145 3376 1178 3440 (sc.

196 3449 363 3515 veretrum?
377 3451 386 3515 11
401 3456 433 3502 18
458 3453 486 3502 et
509 3452 607 3504 addidi
624 3455 634 3517 11
652 3457 685 3504 -19
704 3458 729 3504 et
746 3451 845 3504 addidi
862 3453 922 3520 1121
943 3450 1042 3505 d1cito:
1061 3465 1122 3504 corr.
1138 3444 1159 3497 Β
1174 3441 1177 3507 l

197 3515 352 3582 praedicito
366 3519 375 3584 11
389 3523 422 3568 22
437 3519 542 3587 megire
552 3547 586 3565 =
596 3521 698 3574 meiere
712 3524 721 3590 11
735 3527 768 3573 23
783 3522 871 3574 useris
885 3524 894 3591 11
908 3526 942 3574 25
961 3520 1020 3574 ibi?
1034 3523 1043 3589 11
1057 3526 1088 3572 28
1105 3513 1178 3587 poteo
