2512 3906
237 183 520 240 MULOMEDIOINA
539 183 708 240 OHIRONIS
728 187 868 238 178-180
1012 183 1057 249 55

65 333 195 412 contingIt
224 334 256 392 in
285 335 412 394 feminas
442 336 565 410 propter
594 334 747 413 sanguinis
777 335 997 411 corruptionem
1025 339 1056 396 et

64 423 141 498 ipsius
159 423 263 502 morbi,
288 424 367 499 quod
390 425 545 482 matricem
568 443 670 483 aarum
693 423 789 501 magis
806 425 941 499 prendat.
978 425 1058 484 unde

63 515 89 569 ct
112 513 164 572 hoc
194 513 348 573 verissime
380 512 579 590 intelligimus
615 531 670 587 per
700 512 773 571 haec
810 513 904 590 signa.
950 532 1057 591 corpus

62 619 161 676 carum,
189 601 222 659 id
245 605 291 661 est
312 600 487 680 verginalis,
516 601 689 660 intumescit
718 602 781 659 sine
804 600 867 659 ulla
889 603 1057 678 vexatione,

41 689 177 763 ⁵patidior
210 691 265 750 fiet
300 693 424 766 propter
459 690 680 765 corruptionem
716 693 746 747 et
778 689 925 749 fervorem
961 692 1056 765 ipsius

60 779 150 857 morbi,
173 779 259 857 signa
282 779 508 838 claudicationis
532 779 570 837 ab
592 779 665 853 ipsis
687 778 901 855 posterioribus
919 779 1056 853 partibus

59 866 237 927 demonstrat.
270 867 339 926 inde
362 867 519 927 manifeste
542 867 754 945 intelliguntur
777 886 795 925 a
817 867 929 926 maleos
951 868 1053 943 prensi
1072 870 1131 926 178

60 974 120 1034 esse,
142 957 166 1016 si
189 958 253 1016 sine
277 956 464 1016 dubitatione
488 975 585 1016 escam
609 975 693 1015 suam
716 955 904 1015 conficientes
928 958 958 1015 et
981 957 1055 1015 bene

58 1043 178 1104 bibentes
201 1045 364 1106 deteriores
387 1065 509 1122 corpore
535 1044 612 1104 fiunt
641 1047 671 1103 et
698 1046 830 1104 tussiunt
857 1045 931 1103 dure
955 1046 1055 1122 etiam,

27 1135 183 1207 aquensi
206 1137 295 1209 putes
317 1135 350 1192 in
374 1134 437 1192 eius
464 1134 468 1209 Ι
495 1136 622 1208 pectore
645 1151 745 1193 ossum
773 1153 910 1209 asperum
937 1134 1054 1194 habere.
1080 1137 1185 1194 115¹b

57 1223 150 1296 quise
172 1222 337 1282 difficiliter
359 1223 509 1299 proiciunt
536 1223 574 1282 ad
602 1225 725 1298 terram,
757 1223 883 1298 ideoque
911 1223 949 1281 ad
977 1241 1055 1282 sum-

56 1330 126 1369 mum
146 1314 251 1391 tergus
273 1312 410 1370 manibus
427 1314 591 1372 tractatum
608 1312 725 1388 spinam
743 1311 906 1370 difficiliter
922 1312 1056 1389 flectunt,

57 1403 166 1476 propter
188 1401 362 1460 stricturam
384 1420 543 1460 nervorum
566 1403 596 1460 et
618 1400 857 1460 imbecillitatem
879 1401 972 1459 totius
992 1419 1054 1460 cor-

56 1490 127 1561 poris
154 1509 172 1548 a
198 1490 302 1548 morbo
331 1489 462 1550 alienati.
512 1489 590 1548 unde
619 1492 650 1547 et
680 1490 765 1548 nulia
797 1508 898 1548 curam
930 1490 1054 1550 fuciunt.

26 1589 45 1628 1⁵
57 1577 152 1652 quibus
168 1582 271 1638 tamen
290 1577 442 1638 subveniri
456 1581 575 1654 oportet
592 1578 734 1637 morbidis
750 1577 885 1638 omnibus
900 1579 1054 1656 sanguinis

55 1665 227 1726 detractione
251 1669 283 1725 et
303 1667 421 1726 ustione
444 1667 582 1726 subustis
791 1659 794 1663 ’

110 1756 169 1814 iam
192 1756 228 1814 de
252 1756 442 1816 farciminoso
464 1757 614 1832 incipiam.
652 1756 677 1814 si
696 1756 839 1815 farcimen
859 1756 1051 1815 hostendere
1070 1756 1130 1812 170

55 1846 180 1921 coeperit,
204 1844 285 1921 quod
302 1863 407 1922 graece
426 1846 596 1922 appellatur
614 1845 761 1904 ferisoma.
806 1845 857 1920 qui
875 1845 941 1903 istis
961 1845 1055 1922 signis

56 1930 230 2012 intelligitur.
272 1934 305 1991 in
323 1934 420 1992 latera
442 1937 473 1993 ct
494 1935 526 1992 in
549 1934 629 1993 coxis
653 1936 683 1992 ct
705 1933 737 1991 in
760 1935 826 1992 toto
848 1952 970 2009 corpore
993 1934 1053 1993 ool-

27 2029 46 2068 0
55 2019 183 2081 lectiones
202 2025 366 2082 nascuntur
381 2023 454 2082 locis
468 2023 643 2082 necessariis
656 2022 831 2098 plenumque
846 2041 936 2098 super
948 2023 1053 2082 comis·

55 2127 150 2170 suram
187 2131 265 2188 quae
285 2112 474 2170 collectiones
491 2132 546 2187 per
564 2130 594 2170 se
612 2114 755 2186 rumpunt
774 2114 890 2187 etpost
907 2112 1053 2188 plurimas

55 2201 211 2276 eruptiones
235 2200 314 2258 aliae
336 2203 540 2259 renascuntur.
578 2202 609 2260 et
631 2200 756 2277 graciles
776 2199 860 2258 fiunt.
901 2201 1000 2259 cibum
1023 2204 1054 2260 et

54 2291 146 2359 potum
165 2290 227 2349 sine
247 2289 434 2348 dubitatione
453 2289 581 2348 libenter
599 2289 757 2367 accipiunt,
781 2290 832 2348 sed
850 2289 888 2348 ad
906 2291 1053 2349 medullas

55 2393 144 2436 eorum
166 2378 242 2436 nihil
261 2379 406 2453 pervenit.
442 2381 565 2454 propter
588 2378 667 2453 quod
689 2378 782 2437 totius
804 2379 935 2454 corporis
954 2379 1052 2456 gravi·

29 2465 136 2524 ouem
156 2467 324 2543 patiuntur.
369 2469 401 2525 et
421 2467 548 2526 hilarem
572 2469 725 2542 aspectum
751 2467 902 2544 adferunt,
929 2469 1053 2542 propter

55 2555 122 2627 quod
139 2557 222 2614 nulla
241 2570 311 2630 pars
330 2555 461 2631 corporis
479 2556 511 2613 in
531 2575 564 2614 eo
584 2559 692 2615 vexata
711 2555 829 2614 laborat
846 2556 902 2614 nisi
923 2556 1052 2632 sanguis,

55 2640 145 2718 inquo
158 2645 206 2704 hic
220 2644 340 2703 morbus
357 2647 505 2720 operatur.
533 2644 612 2702 unde
625 2644 806 2721 intelligitur
820 2644 972 2721 sanguinis
987 2663 1049 2701 cor·
1068 2644 1128 2700 180

55 2734 141 2806 ruptio
155 2752 226 2810 csse,
246 2734 318 2791 dum
336 2733 413 2792 inse
429 2733 634 2792 collectionem
651 2733 683 2790 in
697 2752 819 2808 corpore
835 2753 889 2808 per
901 2733 1051 2808 proximas

56 2837 132 2881 renas
148 2843 202 2899 per
221 2822 334 2881 saniem
352 2823 545 2881 demonstrat.
583 2841 650 2880 cnm
669 2822 747 2880 enim
766 2821 886 2899 sanguis
906 2824 1051 2897 evagatur

30 2911 125 2969 aem
142 2911 228 2970 illum
244 2911 427 2970 naturalem.
443 2957 449 2970 .
465 2913 511 2968 .et
524 2910 731 2987 corrumpitur,
749 2909 785 2969 fit
798 2911 903 2969 sanies.
941 2929 976 2968 ex
991 2929 1050 2985 qua

57 3011 79 3054 ro
91 3001 234 3078 contingit
249 2999 375 3058 eviriari.
410 3001 440 3058 et
455 2994 579 3076 quisque
594 2999 625 3056 in
640 3000 695 3058 hoc
709 2999 812 3058 morbo
826 2998 972 3067 inciderit,
987 3017 1050 3057 sae-

57 3085 160 3156 pissime
183 3089 333 3165 contingit
356 3107 404 3148 eos
427 3087 558 3164 liberari,
580 3088 687 3147 vivunt
706 3089 785 3147 enim
803 3089 893 3165 longo
908 3090 1052 3163 tempore.

113 3261 127 3310 0
146 3257 245 3313 etiam:
269 3260 298 3311 et
317 3259 376 3311 tam
394 3259 492 3326 131111
512 3257 547 3311 H
557 3263 600 3325 11,
611 3261 647 3310 33
670 3259 679 3326 ΙΙ
703 3261 736 3308 14
755 3255 880 3311 alienato
896 3259 900 3328 Ι
916 3255 1023 3311 faciunt
1040 3257 1050 3330 ll

58 3327 82 3375 16
96 3329 223 3382 subustus
246 3331 255 3399 l
280 3333 311 3382 17
331 3330 410 3396 infru
428 3333 483 3383 364
508 3330 511 3399 Ι
540 3328 720 3382 farcimenos:
740 3333 804 3380 eos?
823 3329 832 3397 ll
852 3333 884 3381 18
903 3328 1048 3384 ferisoma:

57 3400 230 3468 περιττώματα
258 3397 289 3453 δὲ
318 3397 438 3469 λέγεται,
460 3397 475 3453 ὃ
503 3395 636 3470 §ducturi
664 3399 779 3451 καλοῦσι
808 3396 961 3466 parciores
984 3401 1050 3470 (lege

58 3467 207 3540 φαρκίμινα)
221 3469 327 3539 11229,
337 3476 374 3526 10
386 3473 395 3542 ΙΙ
410 3477 444 3524 10
463 3471 525 3541 ch.
535 3472 589 3539 17,
603 3471 638 3537 cf.
653 3469 731 3535 infru
746 3472 800 3521 364
814 3471 823 3538 ΙΙ
837 3475 870 3522 22
886 3473 915 3524 et
928 3471 1049 3539 graciles

58 3534 115 3592 fiunt
127 3558 196 3610 pone
210 3549 274 3610 post
293 3541 440 3611 patiuntur
458 3543 487 3612 (l.
501 3545 549 3611 25)
563 3543 572 3611 ΙΙ
593 3547 627 3594 30
645 3540 739 3608 supple
758 3541 863 3593 statum
877 3543 886 3609 ΙΙ
900 3546 932 3593 31
952 3541 1051 3596 vir-iuri
