2462 3906
217 185 499 242 MULOlOEDIOINa
517 187 686 244 cnutonis
706 193 847 242 osa-aer
971 187 1036 252 293

44 338 131 396 multis
165 337 276 396 morbis
312 340 431 396 tenetur
467 337 602 398 obnoxia.
654 337 693 396 ad
729 339 948 414 articulariam,
985 339 1037 414 qui

45 445 145 484 omnem
166 428 389 486 commissuram
412 426 510 486 solvit.
554 426 675 500 renalis,
705 428 757 503 qui
780 427 877 503 spiam
900 430 1037 486 atrones

44 514 157 590 liquidos
174 516 257 574 facit.
294 515 520 590 elephantioteS,
539 516 591 592 qui
610 536 645 574 ex
659 517 810 574 interaneo
829 515 927 575 calore
945 516 1036 576 venit.

42 604 193 678 roboream,
216 605 268 679 qui
287 604 324 662 ab
344 604 475 664 omniwm
495 623 654 664 nervorum
676 606 828 664 tonsuram
846 605 937 664 venit.
977 605 1037 661 far-

23 693 169 752 sciminoso
198 694 228 751 et
255 693 445 770 glanduloso‚
472 695 525 768 qni
550 694 582 751 in
609 695 674 751 toto
703 712 823 770 corpore
849 693 1037 751 collectiones

42 783 67 839 et
84 781 185 840 tubera
208 781 331 842 faciunt.
378 782 563 859 contagioso,
591 783 644 858 qui
672 800 788 841 omnem
815 781 1038 842 commissuram

40 869 172 946 liquidam
190 870 274 928 facit.
309 870 420 948 morbo,
445 871 497 946 qui
515 871 687 946 appellatur
705 872 823 930 omnino
838 869 971 944 morbus,
992 871 1038 927 est

41 959 107 1016 enim
127 959 263 1018 valitudo
286 959 392 1018 dehis
417 960 638 1019 interaneorum
661 960 757 1037 dolor,
780 959 891 1037 tensio,
915 957 1038 1017 coactio.

40 1066 69 1104 ex
87 1048 130 1106 his
154 1047 290 1107 omnibus
312 1048 395 1107 vitiis
417 1049 450 1106 in
471 1049 680 1108 commutando
703 1049 873 1125 frequenter
895 1046 1038 1106 animalia

13 1137 243 1210 opericlitantnr.

37 1269 38 1274 η
95 1226 119 1284 si
146 1228 225 1302 quod
251 1225 419 1284 iumentum
445 1225 562 1284 rabiare
590 1224 795 1302 temptaverit,
828 1225 870 1284 sic
898 1244 965 1283 eum
992 1223 1037 1280 in·
1055 1224 1112 1281 982

39 1314 146 1392 telligis.
193 1316 263 1373 ante
289 1312 406 1373 tristior
433 1314 490 1374 erit
517 1317 548 1373 et
575 1314 682 1373 stridet
709 1314 859 1389 dentibus,
890 1315 926 1371 ut
952 1314 1038 1388 putes

40 1401 111 1461 illum
135 1402 251 1480 aliquid
272 1403 390 1462 habere.
435 1406 540 1478 posteo
561 1403 639 1461 fiunt
667 1402 745 1462 oculi
772 1403 835 1461 eius
858 1401 985 1480 grandes
1014 1404 1040 1460 ot

39 1491 109 1550 totus
130 1491 216 1551 fictus
240 1494 294 1566 est,
317 1492 388 1567 quia
410 1492 517 1566 incipit
539 1492 653 1550 alienus
675 1491 748 1550 ficri.
785 1491 827 1550 sio
850 1512 918 1550 eum
940 1492 1038 1550 obser·

12 1593 29 1632 n
39 1580 119 1658 rabia
136 1600 173 1639 ne
188 1599 256 1639 eum
269 1580 367 1639 rabies
380 1580 540 1656 possideat.
572 1582 663 1656 caput
676 1574 738 1658 [ut]
753 1579 937 1639 termanticis
951 1580 1038 1638 rebus

40 1669 175 1729 calfacies.
221 1669 320 1728 cibum
342 1688 402 1729 non
425 1670 553 1728 multum
575 1669 668 1744 dabis,
691 1669 830 1728 mollibus
852 1667 950 1744 magis
971 1669 1038 1726 uta-

40 1759 86 1816 tur.
124 1760 155 1817 et
171 1761 275 1834 postea
292 1758 462 1833 potionabis
481 1758 531 1816 sio.
567 1758 751 1817 nasturcium
774 1777 881 1835 semen,
903 1757 1038 1814 lactucae

41 1863 138 1922 semen,
164 1847 226 1922 apii
250 1849 280 1904 et
303 1849 386 1906 carta
410 1847 563 1906 combusta
586 1867 622 1904 ex
644 1865 722 1922 aqua
744 1845 871 1921 pluviali
894 1845 1039 1920 decoques

41 1937 64 1992 et
84 1935 168 1994 dabis
190 1935 323 1995 iumento
345 1935 455 1995 bibere.
492 1937 517 1994 si
540 1937 640 1994 autem
662 1934 729 2010 plus
751 1934 784 1992 iu
806 1936 859 1994 illo
877 1931 1040 1994 invaluerit

11 2023 122 2084 ambies
142 2027 172 2082 et
191 2023 341 2084 euistimas
361 2023 365 2098 Ι
386 2044 453 2082 eum
476 2023 648 2100 periclitari,
671 2024 818 2082 reclusum
836 2022 948 2083 recenti
970 2041 1036 2100 per·
1062 2024 1160 2086 159²a

39 2112 133 2172 fundes
225 2113 328 2172 statim
350 2113 495 2172 morietur
517 2116 548 2172 et
571 2113 638 2171 aliis
659 2112 770 2171 inferet
792 2132 901 2172 necem.

94 2203 340 2278 compositionem
374 2201 529 2278 emplastri
557 2201 626 2260 albi.
679 2219 798 2260 conisae
825 2219 850 2290 p
873 2203 905 2276 Ι,
939 2203 1038 2261 oleum
1057 2201 1113 2257 983

38 2307 138 2362 pumm
162 2290 200 2349 ad
222 2291 344 2349 modum
366 2294 397 2350 et
420 2309 531 2366 aquam
553 2289 716 2365 pluvialem
739 2289 777 2348 ad
799 2290 929 2350 modum.

93 2381 118 2438 si
149 2379 229 2455 quod
250 2379 418 2439 iumentum
446 2379 636 2454 strophosam
662 2379 870 2455 temptaverit,
901 2379 943 2437 sic
971 2397 1039 2436 eum

10 2465 185 2545 cunfliges.
230 2470 388 2544 torquetur
420 2469 450 2526 et
481 2467 607 2542 proiciet
638 2485 668 2526 se
704 2469 734 2525 et
769 2471 853 2527 totus
890 2467 1037 2525 anxiatur.

36 2556 158 2616 siceum
181 2556 308 2615 curabis.
355 2556 464 2616 sumito
487 2555 619 2631 tepidam
643 2558 673 2614 et
696 2556 794 2616 oleum
818 2558 849 2615 et
877 2573 1039 2614 cremorem
1080 2611 1088 2626 ,

36 2642 116 2705 lecito
138 2647 168 2703 et
186 2645 283 2704 mellis
302 2646 445 2722 pusillum
464 2646 495 2702 et
512 2663 566 2719 per
580 2662 702 2703 cornum
715 2645 880 2720 potionata
920 2644 1038 2719 postero

36 2749 148 2792 manum
170 2753 270 2812 ungas
288 2738 318 2793 et
339 2737 373 2794 ia
391 2753 481 2792 anum
504 2733 602 2792 mittis
625 2737 656 2792 et
674 2736 786 2792 stercus
805 2753 840 2791 ex
858 2751 893 2790 eo
914 2751 1039 2807 pro....

38 2822 131 2881 subtili
154 2825 295 2882 cauterio.
341 2841 447 2904 sanum
468 2821 528 2880 fiat.

8 2917 26 2958 ³⁰
90 2913 115 2970 si
139 2911 221 2987 quod
243 2912 410 2971 iumentum
433 2910 518 2986 palas
540 2909 674 2970 vertebla
696 2909 834 2984 doluerit,
860 2909 1033 2986 diligentius
1052 2907 1110 2965 984

35 3015 91 3058 eum
116 3001 263 3075 tractato,
289 3003 324 3058 ut
351 3001 439 3078 seiae,
459 2999 540 3075 'quid
567 2999 594 3056 ei
618 2999 707 3057 dolet.
753 2999 794 3080 sic
818 3017 887 3056 eum
909 2997 1034 3056 curabis.

95 3193 109 3240 2
125 3186 279 3257 quispiam:
294 3186 426 3256 spiam=
436 3186 515 3255 ψύαν
528 3189 538 3255 ΙΙ
552 3191 567 3238 3
582 3184 710 3238 interanc
724 3186 733 3254 ΙΙ
746 3190 763 3237 4
778 3184 853 3238 omni
862 3184 1010 3239 verbosum
1025 3185 1034 3248 ll

36 3259 47 3306 5
59 3257 123 3324 quin
136 3262 146 3329 ΙΙ
161 3263 177 3311 7
192 3257 370 3328 appellantur
381 3254 386 3330 Ι
399 3255 487 3312 omni:
501 3273 568 3312 corr.
577 3258 605 3310 B
618 3257 628 3324 ΙΙ
642 3255 714 3309 8hic
728 3257 737 3324 ll
752 3255 867 3328 11quoll
878 3261 910 3308 13
921 3257 1016 3326 poster
1028 3255 1032 3328 l

35 3329 130 3392 grande
141 3329 191 3382 sed
205 3333 214 3399 ll
229 3335 262 3382 14
272 3330 361 3384 totus:
371 3327 463 3383 voltus
473 3329 501 3382 B
515 3330 524 3397 ΙΙ
539 3332 571 3381 17
581 3327 664 3396 posta
677 3328 687 3395 ΙΙ
701 3330 734 3378 20
745 3326 878 3381 aestimas
892 3329 901 3396 ll
916 3333 1034 3394 alequa

35 3400 76 3450 aut
91 3401 180 3470 suppl.
195 3400 236 3467 133
255 3401 349 3454 neultra
366 3415 402 3453 ne
420 3401 429 3468 ΙΙ
448 3405 481 3452 22
501 3400 561 3468 c'ptr
575 3423 609 3443 π
624 3395 770 3466 emplastri
786 3400 790 3466 Ι
806 3413 902 3452 cerusa
919 3401 929 3468 ΙΙ
948 3404 982 3451 24
1000 3399 1034 3464 os.

34 3465 62 3518 H
79 3475 145 3539 150,
165 3476 199 3526 11
225 3473 229 3539 Ι
255 3469 444 3540 strophosam:
472 3486 506 3524 eo.
530 3467 658 3523 morbum
680 3469 751 3522 idem
774 3472 846 3538 qaod
869 3468 999 3540 strophas
1027 3468 1036 3541 ll

35 3540 62 3590 28
79 3557 205 3598 manum:
225 3559 291 3597 corr.
311 3542 340 3595 B
358 3541 367 3613 ll
386 3547 419 3595 29
439 3539 575 3594 cauterio=
596 3539 726 3609 clysterio
745 3540 774 3593 B
