2470 3902
220 195 502 250 uououumousu
522 195 691 252 CHIRONIS
710 201 851 252 391-392
975 197 1039 261 119

35 344 119 404 desub
145 346 222 404 cirro
247 346 384 404 detrahes
412 348 459 406 vel
487 347 522 405 de
550 348 679 422 coronis,
706 347 833 424 ungulas
860 348 932 407 bene
961 368 1039 408 com-

35 436 123 509 ponis,
145 435 256 509 polline
280 455 316 493 ex
338 435 427 494 ordeo
451 439 481 493 et
503 437 601 494 resina
624 438 655 494 et
677 436 807 513 axungia
832 438 916 496 cocta
938 439 986 496 ter
1007 440 1038 495 in

35 523 76 580 die
98 524 215 598 mittes,
248 542 328 599 aqua
355 541 422 583 cum
444 525 578 584 vervenis
601 524 729 599 fovebis,
756 527 786 583 et
814 542 907 602 acopo
934 527 1039 603 perfri-

34 611 113 687 gabis
134 606 138 690 Ι
158 615 226 670 tota
249 614 311 672 eius
339 631 425 671 crura
451 633 505 689 per
532 613 593 672 dies
616 613 668 672 VI.
714 614 944 690 cataplasmabis
972 635 1040 674 eum
1059 615 1155 673 127¹b

13 713 66 758 cer
92 701 207 775 polline
237 702 372 760 ordeacei
398 705 429 761 et
455 703 510 760 lini
541 703 651 761 semine
679 704 710 761 et
737 702 908 780 fenugraeci
936 705 1039 779 aequis

33 789 164 863 partibus
188 809 225 848 ex
246 791 317 849 vino
340 793 431 849 cocta.
468 791 683 867 cataplasmam
706 792 828 867 inpones
851 792 883 849 iu
903 792 1039 852 omnibus

34 879 122 936 cruris
145 881 215 936 aute
246 897 337 954 acopo
364 881 515 955 perunctis
538 898 605 938 cum
628 880 761 939 articulis
784 881 872 954 totis,
899 880 937 940 ab
968 882 1041 938 arti·

34 967 110 1025 culos
133 985 228 1042 usque
256 968 295 1025 ad
322 987 400 1044 genu
421 969 552 1027 munitos
572 969 663 1028 facies
687 971 717 1027 et
734 969 882 1028 fasciabis.
918 969 963 1028 bis
986 972 1040 1027 aut
1058 969 1115 1024 ao1

33 1058 75 1113 ter
97 1055 237 1114 diurnum
259 1057 445 1132 promovebis
473 1077 540 1116 eum
561 1057 718 1132 paulatim.
763 1059 789 1117 si
811 1059 867 1117 hoc
889 1077 949 1116 non
971 1076 1039 1134 pro·

6 1157 23 1196 ¹⁰
33 1146 141 1219 fecerit,
164 1145 335 1222 malagmen
348 1146 425 1204 hanc
438 1147 471 1204 in
489 1145 622 1206 articulis
641 1148 683 1205 eis
702 1148 839 1223 inpones:
862 1148 1040 1205 ammoniaci

32 1233 111 1308 511,
139 1233 263 1310 galbani
285 1234 368 1308 311,
396 1236 598 1311 oppoponacis
620 1233 702 1311 ΞΠ,
729 1236 877 1294 medullae
904 1237 1039 1296 cervinae

32 1322 106 1396 511,
129 1323 245 1381 resinae
268 1322 453 1382 terbentiuae
472 1325 493 1387 5
510 1324 550 1398 Π,
572 1324 735 1382 ciclaminis
753 1323 839 1400 libra,
863 1325 1039 1400 apocc'matis

33 1411 115 1485 libra,
137 1411 237 1470 resina
259 1411 348 1470 fricta
365 1411 444 1470 libra
467 1412 498 1470 et
520 1412 616 1487 semis,
640 1412 739 1472 oleum
760 1415 846 1472 vetus
868 1433 923 1490 pro
941 1414 1038 1474 modo.

33 1518 137 1575 coques
160 1500 230 1576 igne
252 1500 334 1559 lento
357 1503 389 1558 ct
410 1500 537 1579 colabis,
559 1501 739 1576 temperabis
758 1520 837 1577 eam,
859 1505 894 1560 ut
917 1522 977 1562 non
1000 1503 1040 1561 sit

6 1589 150 1666 cratete,
182 1588 317 1664 molliuS,
344 1589 463 1664 impone
485 1590 518 1647 in
541 1589 625 1648 aluta
647 1610 701 1665 per
723 1590 785 1649 dies
807 1591 923 1666 plures,
947 1592 1040 1650 donec

34 1678 93 1734 sani
127 1678 196 1736 sint.
246 1678 302 1736 hac
333 1697 365 1736 re
398 1678 463 1736 sani
494 1679 574 1739 fient
627 1678 790 1738 difficiliter
822 1679 941 1754 quidem
972 1698 1040 1755 pro-

34 1766 161 1824 veniunt.
200 1766 242 1824 sic
259 1785 410 1824 remanere
430 1767 535 1845 solent,
558 1767 584 1826 si
606 1768 721 1826 tardius
744 1768 787 1826 eis
810 1785 880 1826 cura
904 1768 1039 1826 adhibita

34 1855 128 1913 luent.
176 1855 228 1912 alii
246 1874 316 1915 vero
334 1858 423 1914 urent
440 1874 490 1914 eos
508 1856 649 1915 decontra
667 1857 699 1914 in
718 1857 851 1916 articulis
874 1856 1038 1932 palmatius.

35 1944 80 2001 ssd
103 1947 134 2002 et
158 1944 200 2002 sie
222 1962 290 2002 raro
313 1945 475 2019 proveniet.

7 2043 25 2084 c
95 2032 197 2090 XLHI
237 2033 280 2091 De
313 2034 388 2092 tussi
422 2033 459 2092 ab
495 2034 646 2092 interiora.
697 2034 722 2092 si
759 2033 839 2110 quod
873 2034 1039 2092 iumentum
1058 2032 1116 2088 392

35 2121 137 2179 tussiet
159 2121 198 2180 ab
220 2121 419 2197 interioribus
442 2122 484 2181 sic
507 2141 574 2181 etun
596 2122 748 2200 intelligis.
794 2141 881 2181 nares
905 2122 932 2180 ei
955 2140 1040 2198 proo-

36 2209 138 2286 cludes,
162 2213 198 2268 at
221 2210 359 2285 spiritum
377 2209 519 2269 reddendi
536 2231 596 2269 non
613 2211 732 2286 habeat,
755 2215 786 2270 et
804 2211 929 2287 aspicies
946 2211 1040 2286 iliam,

37 2299 179 2372 quomodo
199 2298 301 2358 ducat:
324 2300 349 2358 si
368 2300 491 2375 spissius
508 2300 593 2358 iliam
612 2299 736 2376 duxerit,
760 2300 834 2359 scito
854 2319 915 2360 esse
934 2301 1040 2360 tussim

37 2387 123 2446 totius
159 2387 297 2446 iocineris
333 2388 382 2447 vel
413 2389 563 2464 pulmonis
599 2388 648 2448 vel
679 2390 919 2464 praecordiorum
951 2407 1040 2448 causa

8 2483 109 2550 tesso,
142 2475 194 2534 sed
223 2479 378 2535 recentem.
428 2477 454 2535 si
486 2477 564 2536 lente
595 2477 681 2536 iliam
712 2479 842 2554 duxerit,
875 2478 948 2536 seito
977 2495 1040 2536 esse

38 2565 184 2622 reterilem
207 2567 296 2624 etex
323 2566 524 2643 interioribus,
552 2566 605 2624 ilia
628 2567 679 2624 ubi
703 2567 862 2645 cinguntur
888 2566 1040 2640 intestina,

41 2654 111 2725 quod
138 2653 261 2728 quidam
289 2653 468 2729 sapientiam
489 2658 611 2730 vocant3
644 2673 746 2714 eorum
772 2656 936 2714 tensionem
958 2655 1040 2712 intus

40 2757 94 2798 esse
121 2743 197 2801 scias
226 2745 256 2800 et
282 2743 351 2801 inde
378 2761 446 2801 eum
468 2744 584 2802 tussire.
629 2743 662 2803 hi
684 2745 817 2804 convulsi
840 2742 1039 2819 appellantur.

103 2916 119 2963 2
137 2910 290 2980 prolinees:
308 2927 375 2966 corr.
396 2912 458 2982 ch.
473 2914 511 2981 ΙΙ3
531 2929 616 2980 quam
639 2912 779 2968 remonis:
808 2911 906 2980 tepida
929 2927 1039 2979 quoque

41 2995 107 3047 aqua
118 2981 149 3034 in
163 2999 220 3050 qua
233 2982 372 3037 verbenae
386 2983 518 3037 decoctae
531 2983 646 3052 fuerint,
661 2981 822 3038 confovetis
838 2984 899 3053 ch.
908 2980 943 3054 ll'l
955 2984 1040 3036 antea

42 3065 103 3120 capo
118 3054 121 3122 Ι
137 3069 200 3107 cum
220 3052 347 3106 articulis
364 3053 433 3108 totis
451 3070 501 3109 om.
524 3054 586 3125 ch.
601 3057 611 3124 ΙΙ
625 3060 658 3107 12
678 3052 871 3124 apocismatis:
886 3079 920 3099 =
935 3051 1040 3123 coopo-

42 3139 117 3187 ματος
129 3126 139 3193 11
153 3129 187 3178 14
207 3123 379 3194 temporabis
393 3124 404 3198 ll
417 3130 450 3179 18
471 3124 605 3196 palmati:
628 3124 768 3195 paulatim
788 3124 851 3194 ch.
869 3139 1014 3194 perperam
1030 3121 1041 3196 ΙΙ

42 3195 73 3243 20
88 3193 146 3266 ch.
162 3195 189 3250 V
202 3197 260 3264 6411
278 3200 311 3248 21
333 3211 371 3265 sq.
392 3196 538 3264 percludes
558 3198 598 3252 et:
617 3211 685 3250 corr.
709 3195 771 3265 ch.
786 3197 797 3264 {l
814 3200 847 3247 22
866 3194 984 3249 habeat:
1003 3211 1038 3250 ec.

42 3260 195 3320 facultatem
210 3269 219 3336 ΙΙ
234 3271 267 3320 23
283 3265 380 3337 spissis
398 3266 526 3336 pulsibus
546 3267 607 3338 ch.
622 3269 632 3336 ll
646 3271 679 3320 25
695 3266 818 3320 silianto:
838 3264 863 3318 si
876 3264 961 3320 lentis
975 3263 1040 3336 pul-

43 3331 110 3389 sibus
127 3335 188 3392 Ve.
212 3339 222 3408 ΙΙ
244 3341 279 3390 26
297 3337 383 3392 inter:
410 3339 499 3407 suppl.
524 3338 602 3409 Voy.;
626 3353 661 3392 ex
683 3335 815 3391 interiore
834 3335 898 3404 ilia,
922 3335 972 3390 ubi
990 3343 1041 3391 cot

43 3417 73 3455 ex
88 3406 142 3462 inte
159 3407 165 3418 ’
181 3408 208 3462 'a
226 3409 330 3478 &nom
347 3415 378 3463 ot
396 3408 593 3476 intcrnatium,
617 3408 838 3479 interscapulum
857 3409 925 3479 olio)
945 3409 972 3462 B
989 3409 993 3479 Ι
1009 3407 1041 3461 in

44 3475 133 3600 quim
152 3479 289 3603 intestikrlrla
309 3478 495 3535 iumentorum
511 3479 638 3550 ligantur
661 3480 723 3550 ch.
738 3483 747 3549 ΙΙ
765 3485 798 3532 27
821 3478 991 3549 sapientiam
1005 3505 1039 3526 ==

46 3563 78 3612 φρ
91 3556 154 3611 voc?
168 3552 177 3619 ΙΙ
191 3556 224 3604 28
266 3550 290 3603 ὀ
