2474 3910
222 164 506 220 MULOMEDIOINA
524 163 693 220 GHIRONIS
713 170 852 218 555-555
978 164 1040 228 191

48 315 138 374 deinde
162 320 244 376 aceto
268 316 386 375 550155
416 319 447 374 55
474 316 535 376 5515
563 315 715 375 exaniabis
745 318 776 375 55
804 334 923 391 pannos
947 316 1042 374 lineos

48 425 74 462 er
102 405 202 464 eodem
233 407 318 465 aceto
351 408 382 464 et
418 404 484 464 5155
521 405 670 464 saturabis
707 407 738 463 55
768 405 867 480 ipsum
898 404 1043 464 foramine

47 493 224 553 subcalcabis.
279 494 385 553 deinde
421 493 511 552 tertio
544 512 662 570 555555
690 493 738 551 die
771 493 868 553 solves
900 496 930 551 et
962 497 1042 553 cata-
1061 492 1119 548 594

46 583 178 657 plasmam
199 583 277 642 hanc
298 582 445 658 impones:
475 582 587 657 polline
616 583 678 642 ervi
693 628 700 640 .
715 628 723 641 .
737 627 744 640 .
759 582 936 641 tantundem
959 583 1042 641 fenu-

27 671 130 746 ⁵graeci
160 674 191 730 et
219 671 281 730 lini
305 689 405 730 semen
435 672 565 731 sextaria
587 671 642 729 III.
688 671 789 730 omnia
818 671 984 730 commixtis
1013 674 1043 730 et

45 760 198 820 crebellatis
218 781 253 819 ex
275 761 364 820 melle
388 764 419 820 55
441 760 506 821 5155
530 763 561 819 55
583 763 668 819 55550
692 760 908 836 cataplasmam
926 779 1042 835 coques,

45 849 133 908 eodem
162 850 229 909 1050
258 849 402 926 impones.
446 849 507 907 iam
539 849 661 908 ferbcra
692 849 832 926 mitigata
863 849 1042 907 traumatico

44 939 151 997 cottidie
181 939 314 1013 curabis,
343 939 385 1009 515
413 941 514 1002 tamen
543 941 591 997 55
608 938 781 997 cottidianis
811 938 914 997 diebus
943 937 1043 997 locum

43 1046 132 1102 grossa
154 1028 254 1101 radas,
277 1046 371 1103 55555
394 1047 429 1086 50
452 1030 488 1086 55
507 1027 628 1105 sanguis
652 1047 708 1103 per
732 1046 832 1086 ossum
854 1027 1042 1102 respondeat.

16 1123 97 1174 115555
117 1119 180 1176 5555
203 1135 381 1176 5555555555
401 1117 540 1194 coeperit,
564 1116 681 1175 curabis
699 1116 931 1190 medicamentis
953 1116 1044 1191 prout

42 1206 135 1264 vulnus
164 1205 345 1281 permiserit.
397 1205 503 1264 deinde
537 1205 719 1282 malagmam
756 1206 877 1264 crudam
906 1204 1042 1280 imponis.

42 1292 133 1354 deinde
161 1294 308 1354 cicatrice.
344 1294 519 1355 confirmata
547 1295 646 1354 locum
676 1295 854 1354 causticabis
884 1296 915 1352 et
940 1293 1042 1352 ambu-

41 1381 91 1440 lare
112 1383 241 1442 iubebis
915 1453 918 1458 Ι

94 1473 168 1530 ΧΙΠ
195 1470 344 1549 Ossillago
377 1471 402 1530 si
433 1471 537 1550 fuerit,
570 1471 612 1530 sic
644 1471 769 1530 curabis.
817 1471 842 1530 si
874 1471 952 1530 ferro
976 1489 1042 1529 cae·
1060 1468 1118 1523 595

15 1559 97 1620 ι151555
128 1561 277 1638 55155515,
316 1560 449 1621 canterio
489 1560 628 1633 candenti
665 1560 763 1619 medic
800 1560 898 1618 tuberi
929 1562 1043 1635 puncta

39 1648 204 1724 imponebis,
227 1651 317 1725 prout
340 1649 470 1726 ossilago
489 1648 666 1728 permiserit,
689 1652 790 1708 tamen
809 1669 845 1706 ne
864 1648 932 1724 plus
952 1667 1042 1723 quam

39 1742 137 1812 puncta
151 1739 184 1795 V
198 1741 252 1797 aut
269 1739 366 1796 minus
386 1757 476 1813 quam
489 1738 537 1796 ΠΙ
552 1738 686 1815 inpones.
713 1740 783 1796 usta
797 1737 913 1796 curabis
928 1736 1042 1812 deinde,

39 1831 66 1884 55
85 1846 105 1886 5.
128 1846 150 1888 5.
180 1830 233 1887 est.
279 1829 343 1884 tum
366 1821 465 1905 15555
487 1827 669 1904 malagmam
696 1827 830 1902 impones
858 1828 889 1884 et
917 1825 1042 1884 curabis.

92 1916 163 1975 XIV
191 1916 223 1975 Si
246 1916 326 1992 quod
356 1915 522 1974 iumentum
550 1934 616 1975 crus
645 1915 782 1993 fregerit,
812 1915 929 1974 curabis
958 1933 1045 1973 merc
1059 1912 1116 1967 590

13 2006 63 2060 aec
82 2006 162 2081 5155,
196 2005 282 2064 lanas
304 2005 438 2064 succidas
460 2005 655 2080 madefacias,
684 2005 848 2063 1555555555
874 2003 989 2080 tegebis
1012 2005 1043 2061 et

39 2110 116 2169 supra
138 2093 339 2172 parastaticcs
362 2094 504 2170 impones.
546 2094 650 2152 deinde
669 2093 817 2168 fasciabis,
841 2093 977 2169 sequenti
996 2112 1042 2150 55-

38 2183 112 2257 gulas
133 2183 308 2260 tilingiceas
332 2201 422 2258 supra
445 2183 594 2260 alligabis
634 2201 714 2240 merc
739 2185 770 2241 55
793 2183 858 2242 5155
882 2181 1042 2240 suffundas.

39 2269 87 2330 Vll
109 2291 232 2348 quoque
261 2272 308 2330 die
336 2272 440 2332 solves.
487 2271 572 2331 calda
599 2271 782 2331 5555555555
808 2271 936 2345 fovebis,
963 2271 1042 2329 idem

38 2359 179 2438 alligabis.
200 2360 260 2418 VH
274 2361 376 2429 diebus
394 2360 584 2435 intermittas,
603 2359 737 2419 similiter
755 2359 881 2436 curabis,
899 2359 1039 2418 vicesimo

11 2453 145 2526 5555555
186 2449 233 2508 die
270 2449 451 2509 connodasse
486 2449 629 2508 invenies.
687 2448 792 2507 deinde
830 2448 1039 2507 anaccllimam

37 2535 170 2615 imponis,
202 2538 282 2615 quod
309 2556 400 2614 supra
427 2555 450 2596 s.
475 2540 532 2613 est,
560 2537 666 2596 deinde
697 2540 831 2613 ecapite
854 2536 1041 2613 penmgebis‚

37 2625 92 2686 XL⁰
115 2645 238 2704 555555
262 2625 309 2686 die
332 2627 464 2686 caustico
486 2626 682 2686 confirmabis.
712 2617 716 2708 1
1066 2622 1167 2681 13915

90 2717 148 2775 XV
175 2715 207 2774 Si
230 2715 278 2775 cui
295 2716 427 2774 iumento
446 2715 593 2774 mirmices
612 2716 643 2773 in
662 2715 796 2774 cruribus
814 2717 902 2773 natae
920 2713 1041 2789 fuerint,
1060 2708 1115 2764 597

38 2802 71 2862 515
100 2805 230 2864 curabis.
282 2805 447 2864 causticam
482 2805 606 2862 crudum
640 2822 728 2879 super
755 2804 828 2879 ipsis
858 2802 1040 2860 mirmicibus

11 2891 176 2968 amponico
200 2896 231 2952 55
253 2911 344 2968 supra
368 2894 567 2952 coemetario
591 2892 656 2952 oleo
680 2895 710 2951 et
732 2892 802 2952 vinc
832 2888 934 2968 [quae]
960 2894 1040 2949 satu·

36 2985 106 3060 rata,
130 2985 163 3042 55
186 2982 327 3060 alligato,
356 2983 402 3040 ΙΠ
430 2982 477 3040 die
501 2981 618 3042 solvito.
665 2981 690 3040 si
712 2980 873 3055 5515551555,
905 2999 981 3056 5555
1007 2980 1039 3037 15

36 3072 162 3130 cruribus
193 3074 282 3130 natae
312 3071 447 3147 brerant,
478 3071 652 3145 ceciderint,
687 3089 758 3128 cura
787 3068 864 3127 51555
891 3069 1041 3128 ustionem

35 3159 218 3220 traumatico.
263 3161 289 3219 si
311 3159 367 3218 hoc
393 3180 454 3219 non
480 3159 644 3236 proficerit,
673 3159 839 3216 iumentum
866 3157 986 3233 deponis
1011 3159 1041 3215 et

99 3317 114 3366 7
132 3312 246 3366 ferbora
260 3313 269 3382 11
283 3317 299 3365 8
314 3311 338 3365 si
351 3313 360 3381 11
375 3314 492 3368 lotam:
514 3329 581 3366 corr.
597 3312 624 3364 B
639 3313 647 3380 11
663 3316 695 3364 12
710 3308 869 3364 cicatricem
883 3311 892 3378 11
907 3307 1040 3362 14515511·

35 3378 92 3451 lago
115 3385 125 3454 1
150 3389 182 3437 19
199 3384 279 3450 infra
298 3384 380 3452 05311
401 3381 547 3452 2015551
566 3389 598 3435 21
618 3379 787 3451 parastieos:
806 3381 841 3446 cf.
855 3397 941 3448 supra
960 3379 1040 3452 54411

35 3457 64 3504 22
81 3453 182 3523 regula
199 3453 358 3524 stiliagmas
376 3455 386 3524 11
404 3459 438 3506 23
458 3453 548 3523 551511
567 3459 601 3505 24
620 3452 731 3522 51555111
749 3458 818 3506 ads.
834 3452 932 3506 addidi
948 3450 951 3524 1
969 3458 1039 3519 5555

34 3524 80 3578 sic:
99 3531 227 3595 acopon?
249 3525 260 3595 11
282 3529 315 3578 30
333 3523 446 3580 notaria
468 3527 478 3594 11
499 3531 534 3578 33
554 3523 681 3594 disponis
800 3569 802 3573 .
