2474 3910
222 167 503 223 MULoroEmcme
522 165 691 223 OHIRONIS
710 171 849 222 sar-sar
974 163 1040 230 255

52 317 147 376 malum
167 320 264 376 terrae
288 317 356 397 pl,
389 319 547 396 gentianae
570 336 601 396 p.
615 317 644 393 I,
675 319 761 376 rutae
791 317 944 377 silvaticae
972 336 1001 396 p.
1016 317 1041 392 I,

51 406 210 484 trixaginem
232 425 262 486 p.
285 406 311 483 I,
330 405 335 480 Ι
355 406 446 466 bacca
468 407 546 465 lauri
569 425 599 485 p.
622 406 646 482 I,
670 424 838 483 opoponaee
861 425 892 485 p.
911 406 935 466 I.
1062 406 1165 464 151'a

101 495 235 572 pastillos
254 514 290 553 ex
307 495 415 572 herbis,
437 496 488 554 ubi
506 497 688 554 immeritum
704 493 840 571 pubescit
862 497 893 554 et
914 490 1042 573 †quam
1060 492 1118 552 884

48 586 213 644 maturescit.
260 584 394 662 colligite
413 587 525 644 stercus
544 585 665 643 suillum
685 588 716 642 et
738 584 892 659 caprimum
915 586 945 641 et
968 584 1041 643 ovil-

30 673 98 731 slum
119 676 149 732 et
169 673 313 732 bubalum
335 673 389 732 sub
412 673 495 748 divo,
523 673 637 732 arficito
659 674 691 731 in
714 673 775 732 sele
797 691 819 752 p
844 673 931 732 semis
954 672 1041 747 libra,

48 761 130 820 famus
152 762 291 839 siligines
315 762 394 837 qued
424 761 534 821 sufficit
564 765 594 821 et
622 780 690 820 eum
711 762 799 820 mello
822 761 961 838 subigito.
1006 781 1042 820 ex

47 849 91 909 hac
110 852 264 926 potionem
285 851 370 911 dabis
393 850 431 910 ad
455 870 571 909 omnem
594 851 730 909 morbum
752 853 783 909 et
805 851 996 910 coactionem.

98 940 253 1014 pastillum
267 939 469 1015 advenenum,
484 941 535 1016 qui
548 940 639 999 morsi
653 942 729 999 sunt.
753 939 881 998 intibum
889 939 1041 1014 rusticum,

47 1029 184 1104 gentiana,
202 1028 385 1106 aristologia,
403 1029 614 1104 peucedanum,
632 1028 809 1104 perseniam,
823 1028 967 1106 gingiber,
985 1028 1041 1086 heo

19 1134 37 1173 1e
48 1135 75 1174 er
93 1118 178 1176 melle
202 1119 233 1176 ot
255 1136 355 1176 murra
377 1117 451 1176 bene
475 1119 610 1177 contrito.
648 1136 792 1176 venenum
817 1136 902 1175 omne
926 1117 1040 1176 deiciet.

100 1206 137 1266 ad
166 1207 273 1266 tussim
287 1209 425 1265 veterem
448 1209 479 1265 et
506 1207 531 1267 si
558 1207 732 1284 sanguinem
755 1208 880 1265 excreat.
924 1206 1041 1264 lardum
1061 1203 1118 1260 885

46 1297 117 1354 votus
147 1314 184 1353 no
213 1295 310 1354 minus
323 1340 330 1353 .
345 1341 351 1354 .
368 1295 490 1355 sinum
523 1296 667 1370 decoques
697 1297 728 1353 et
756 1295 788 1352 in
818 1312 896 1370 aqua
924 1295 1041 1371 putiali.

10 1433 11 1436 ,
45 1382 153 1460 insuper
184 1384 303 1442 lardum
333 1385 475 1462 pinguem
510 1385 610 1443 videto
639 1404 675 1442 me
708 1383 832 1460 pulpam
863 1385 917 1442 sut
944 1387 1041 1443 eutem

45 1469 78 1529 ibi
98 1473 257 1548 relinquas.
306 1474 440 1549 quamvis
463 1473 628 1532 veteriuam
654 1473 761 1532 tussim
787 1475 841 1531 aut
867 1474 1042 1550 sanguinem

18 1561 148 1636 oreieiet,
177 1581 283 1621 sanum
309 1562 421 1620 reddet.
465 1563 498 1620 in
531 1581 590 1637 qua
627 1560 829 1620 commiscebis
857 1561 1041 1639 argallicum.

46 1649 123 1708 offam
145 1650 238 1709 facito
262 1671 298 1709 ex
318 1652 377 1710 isto
401 1653 431 1709 et
455 1651 541 1726 quasi
563 1651 722 1710 salivatum
745 1649 863 1726 diriges.

99 1739 182 1814 petio
213 1739 252 1797 ad
282 1758 345 1815 eos,
376 1740 428 1815 qui
456 1739 632 1798 intrinsecus
661 1738 761 1798 vaxati
790 1740 860 1798 sunt
889 1739 942 1796 aut
964 1739 1042 1798 vulsi
1060 1737 1119 1794 836

45 1830 111 1885 sunt.
147 1829 189 1887 sic
213 1846 378 1904 compones.
419 1829 580 1888 sextarium
602 1847 694 1887 unum
717 1827 804 1887 lactis
827 1827 942 1902 caprini
972 1828 1040 1904 ςΙ,

44 1917 206 1994 tragantum
227 1916 364 1977 infundes
387 1917 482 1993 pridie
506 1938 541 1976 ex
564 1935 650 1992 aqua.
691 1916 759 1974 imde
778 1917 806 1975 ei
824 1915 935 1993 singles
958 1916 1042 1976 dabis

15 2002 120 2065 stactis
147 2020 173 2082 ς
198 2006 222 2063 Ι.
267 2006 321 2064 lini
348 2025 447 2066 semen
473 2006 669 2085 placiolae
696 2006 727 2063 in
749 2024 821 2065 vaso
848 2023 925 2064 nevo
948 2005 1042 2081 fictili,

46 2093 124 2154 addes
148 2095 177 2152 ei
195 2113 274 2169 aqua
295 2095 419 2171 putialo,
442 2096 586 2170 decoques
605 2097 635 2153 et
656 2094 689 2152 in
712 2095 774 2153 eius
846 2093 988 2154 defundes
1010 2095 1042 2153 in

45 2181 129 2242 altere
143 2201 224 2259 vase,
238 2203 274 2241 ue
290 2184 457 2262 deglutiret
469 2183 577 2242 vitium
595 2184 667 2242 eius.
703 2183 795 2242 uteris
812 2183 844 2240 in
863 2182 965 2242 diebus
984 2185 1042 2242 sin-

43 2271 111 2345 gulis
125 2292 193 2330 curn
202 2291 290 2348 passo
301 2276 331 2332 et
343 2273 420 2332 lacte
431 2275 619 2350 ettragante.
633 2272 689 2330 hoo
699 2272 737 2330 ad
747 2273 883 2331 effectum
892 2273 1040 2348 perducet.

99 2361 182 2436 potio
215 2361 254 2418 ad
281 2361 393 2421 febrem
419 2362 627 2420 iumentorum.
678 2380 804 2437 ysopum
828 2374 845 2432 3
870 2361 948 2436 ΙΙΠ,
978 2360 1112 2418 irinati

15 2446 147 2509 afflirica
170 2467 201 2528 p.
220 2468 267 2525 ra,
291 2469 391 2509 murra
413 2468 445 2529 p.
463 2469 511 2528 ἡ,
534 2450 656 2525 panacis
678 2449 809 2509 radicem
830 2467 863 2537 p.
889 2481 936 2530 ᾗ,
959 2450 1042 2524 spica

43 2538 120 2596 nardi
142 2556 173 2617 p.
191 2555 241 2613 ra,
269 2538 358 2598 ficum
380 2557 411 2618 p.
431 2569 478 2619 ᾖ,
510 2540 612 2614 apium
642 2540 672 2596 et
693 2541 794 2596 rutam
816 2538 921 2596 coicies
943 2538 975 2595 in
999 2538 1041 2596 ol·

43 2623 95 2684 lam
117 2645 227 2686 novam
250 2628 280 2685 et
303 2646 410 2704 coques
432 2627 464 2685 in
486 2627 608 2686 tertiam
630 2630 746 2703 partem
768 2646 821 2702 per
843 2626 950 2684 triduo.
997 2646 1041 2684 re-

43 2719 148 2774 centem
183 2715 279 2792 possis
320 2717 473 2792 potionem
511 2716 589 2774 dare.
649 2734 758 2791 aquam
795 2715 899 2775 ooioies
939 2717 1041 2774 ternas

43 2804 147 2863 eminas
179 2805 211 2862 iu
242 2805 289 2863 die
322 2808 352 2864 et
384 2823 492 2880 coques
528 2805 567 2863 ad
598 2807 719 2864 tertiam
752 2807 876 2880 partem.
921 2803 977 2862 hae
1008 2823 1040 2862 re

14 2891 63 2948 ssi
92 2912 198 2968 pamm
228 2893 390 2970 proficerit,
424 2894 458 2952 de
482 2894 594 2952 cervice
624 2893 798 2972 sanguinem
831 2892 978 2951 detrahito
1011 2895 1042 2950 et

42 2982 192 3060 perungito
217 2983 296 3056 quod
315 2983 388 3041 satis
407 2983 453 3042 sit.
490 2982 655 3041 intermitte
673 2981 805 3041 triduum
824 2981 862 3039 ad
880 2981 1040 3057 potionem.

42 3069 62 3126 si
82 3071 154 3130 haec
176 3089 223 3129 res
246 3091 306 3130 mou
328 3070 495 3148 profecerit,
518 3071 626 3130 sumito
650 3071 835 3145 abrotanum,
858 3071 890 3127 in
909 3069 1040 3147 singulos

42 3157 96 3218 dies
109 3160 200 3219 facies
213 3159 346 3238 singulos
365 3159 509 3234 decoques
528 3159 671 3219 sextarios
685 3177 780 3234 aquas
794 3177 860 3217 curm
874 3161 1042 3217 trecentum

105 3317 121 3364 4
139 3310 245 3366 erilem
258 3313 296 3381 117
317 3310 574 3366 ad—ceactionem
587 3311 618 3365 ire
635 3311 692 3366 cod.
707 3310 789 3364 irritis
806 3310 971 3380 ioscqaerrtis
988 3325 1041 3363 mc-

41 3381 178 3438 dieamcreti
191 3384 201 3452 ΙΙ
215 3389 230 3436 9
243 3389 458 3452 personaceam?
474 3383 478 3456 Ι
495 3380 618 3453 gingibis
632 3383 641 3451 ΙΙ
657 3387 689 3435 10
697 3379 809 3435 reiciet?
818 3381 852 3448 cf.
864 3381 880 3436 l.
895 3384 931 3436 15
944 3382 954 3450 ΙΙ
969 3386 1001 3434 15
1011 3379 1041 3433 in

41 3467 109 3521 aqua
122 3455 148 3508 Β
162 3459 171 3524 l
185 3459 219 3508 16
237 3455 313 3508 uste:
331 3470 397 3508 corr.
411 3453 439 3506 B
458 3454 460 3524 t
478 3453 632 3508 salibatum
652 3455 661 3524 l
681 3458 713 3507 19
731 3452 796 3508 inde
813 3449 851 3506 ei:
868 3450 899 3505 im
916 3450 976 3506 dies
990 3451 1018 3504 B
1033 3453 1041 3520 ,i
1140 3465 1143 3471 ·
1175 3495 1179 3504 .

41 3527 70 3576 29
84 3524 195 3579 tertiam
212 3525 323 3593 scripsi:
343 3524 469 3579 dextram
482 3527 491 3594 ΙΙ
506 3531 539 3578 33
558 3527 718 3579 tracautum
735 3526 847 3595 scripsi:
866 3522 1040 3578 affricautem
