2512 3906
181 187 297 246 XXVIII
579 189 803 245 PRAEFATIO.

181 343 294 406 lissime
322 345 352 401 ot
378 342 599 418 promptissimo
627 342 731 402 fecisse
759 342 851 400 etium
877 343 932 401 hoo
954 341 1019 401 loco
1042 343 1126 420 grute
1151 343 1198 400 te·

182 431 257 490 stari
278 431 370 490 iuvet.

271 519 337 579 Etsi
363 519 522 579 verborum
548 521 702 579 contextus
730 523 872 580 autumno
901 519 972 578 anni
1000 520 1083 578 1899
1111 520 1199 595 typis
1241 586 1242 598 χ

182 626 337 685 expressus
366 611 439 684 erat,
467 609 592 668 adversa
619 609 790 668 valetudine
818 611 849 668 et
874 627 994 667 munere
1018 607 1198 668 scholastico
1241 599 1242 670 ?

183 696 345 773 impeditus
368 715 443 773 sum,
465 698 623 773 quominus
646 697 792 757 indicibus
815 695 1002 757 oonfioiendis
1022 695 1199 756 incumbens

185 785 345 845 editionem
362 787 445 862 prius
463 785 576 862 publici
593 786 666 844 iuris
685 786 820 845 fenerem.
866 786 911 846 itu
930 785 1046 862 uooidit,
1063 787 1099 844 ut
1116 805 1199 845 nuno

183 894 243 934 non
274 893 370 950 puuoa
402 874 543 948 habeam,
575 893 651 950 quse
682 875 771 934 uIIter
802 876 981 934 constituam
1010 876 1101 950 utque
1128 875 1199 949 feei,

185 982 262 1038 quoe
284 964 332 1022 hio
356 962 472 1022 addam.
516 963 624 1022 horum
646 966 746 1023 autem
771 964 903 1022 omnium
925 983 971 1022 me
993 962 1026 1021 in
1048 962 1199 1023 indicibus

183 1053 330 1113 rationem
351 1051 490 1112 habuisse
514 1051 597 1111 scies.

272 1140 405 1200 Berolini
427 1159 527 1200 menso
551 1139 717 1216 Septembii
743 1142 837 1201 1901.

254 1664 369 1718 Punotis
391 1663 482 1718 tribus
504 1664 679 1734 Interpositis
702 1664 825 1719 indiosvi
847 1664 878 1718 in
897 1664 1044 1718 verbosum
1063 1665 1199 1719 contextu
1243 1667 1244 1722 ἶ

185 1735 294 1805 aliquid
322 1735 483 1790 desiderari.
525 1752 635 1790 ornnem
662 1736 698 1790 iis
725 1736 794 1790 louis
820 1736 952 1805 apposui,
980 1735 1082 1805 quibus
1109 1751 1198 1790 unum

185 1807 289 1860 duosve
306 1823 388 1860 voces
407 1809 552 1876 corruptos
571 1826 584 1862 s
641 1806 763 1862 sionibus
782 1807 922 1862 sanandus
940 1806 1055 1876 reliqui,
1077 1822 1142 1859 oum
1163 1808 1199 1862 de

184 1878 254 1932 locis
281 1877 365 1947 plano
394 1878 549 1948 desperetis
576 1878 604 1931 n'
629 1879 648 1931 'l
675 1879 788 1932 omnino
815 1879 987 1933 adnotarem.
1029 1877 1199 1946 compendio

184 1949 340 2032 ponderum
358 1951 387 2003 et
404 1965 648 2032 mensurarum-
668 1966 740 2020 quse
758 1949 939 2018 exprimenda
957 1949 1060 2016 ouruvi,
1079 1947 1155 2002 siout
1168 1950 1198 2003 in
1244 1960 1245 2050 p

185 2020 281 2074 oodioe
299 2020 449 2074 truduntur
458 2051 492 2062 -
503 2036 587 2146 sueple
605 2024 679 2076 mter
697 2037 726 2075 se
745 2020 869 2087 confusa,
888 2023 921 2075 ut
936 2023 1012 2075 recte
1026 2035 1198 2089 cognoscum-
1244 2053 1245 2088 p

183 2095 239 2158 tur,
262 2093 373 2160 praeter
390 2091 531 2146 Hultsohii
567 2093 657 2146 'brum
677 2091 789 2164 Vegetii
811 2092 930 2148 aliorum
947 2089 1198 2146 mulomedioorum
1244 2089 1245 2168 t

184 2162 413 2288 ffiesszuffffis
437 2180 540 2233 quaeso
561 2164 654 2218 adeas.
692 2163 726 2218 H
737 2190 770 2210 =
785 2162 963 2234 Hippiutriou
986 2163 1029 2218 od.
1051 2161 1197 2232 Grynueus
