2474 3910
232 159 513 216 MULOMEDICINA
531 160 700 216 cfflRONIs
720 167 859 216 roa-ror
983 161 1046 224 221

56 308 191 367 domarius
214 309 271 368 erit
294 311 410 368 sarcina
432 310 543 370 maiore
570 311 658 370 simul
681 313 712 369 et
738 311 833 370 lassus
861 313 930 387 erit,
958 331 1048 387 quum
1076 346 1079 352 ·

55 397 163 456 minimo
195 399 330 475 pungite.
380 417 485 458 sanum
515 397 587 458 fiet'
621 399 645 458 si
677 399 842 475 pertuderit
873 400 986 459 corium
1018 404 1048 460 et

56 487 189 545 stentinae
218 487 384 562 prodierint
414 491 443 546 et
472 491 608 562 pertusae
639 491 737 564 erunt,
767 507 873 547 sanum
899 507 961 548 esse
988 510 1048 551 non

55 577 148 648 potest
185 575 210 633 si
228 576 346 653 integra
363 577 506 635 intestina
524 577 635 635 fuerint
658 578 689 636 et
711 577 871 652 aliquando
895 580 926 635 et
948 597 1046 638 omen·
1068 575 1124 632 704

38 665 108 721 stum
132 664 338 740 praesciderit,
368 665 410 724 sic
437 665 560 724 curabis.
607 665 745 741 deponito
773 665 938 724 iumentum
960 670 991 726 et
1013 687 1048 727 ea

55 751 134 828 plaga
156 753 291 828 superius
310 749 452 828 respiciat
470 757 501 812 et
518 772 553 812 ea
570 755 636 813 loca
654 757 686 812 ct
704 754 865 813 stentinum
883 756 931 813 vel
950 775 1048 814 omen-

54 843 108 898 tum
127 841 254 918 spongia
272 861 350 901 nova
368 842 453 902 calda
473 835 588 922 (tepida
605 834 767 923 tepidiore)
786 843 924 902 delavato
943 845 994 919 sic,
1012 864 1047 903 ne

55 947 133 987 manu
154 932 272 1008 tangue,
296 931 326 988 et
348 931 429 990 intus
451 931 587 1006 reponite
611 933 641 988 et
663 951 731 990 euni
748 932 847 991 locum
864 930 962 991 fibulis
981 952 1048 993 con-

55 1017 121 1076 suito
151 1022 181 1077 et
205 1019 262 1078 hoc
285 1019 462 1078 anacollima
484 1019 643 1095 imponito:
665 1019 779 1097 bulbos,
803 1021 916 1081 cocleas
939 1039 996 1080 ana
1019 1067 1048 1080 ..

28 1105 112 1164 rcthus
133 1107 310 1182 masculum,
339 1108 517 1184 algallicum.
564 1109 664 1167 omnia
686 1109 717 1166 in
744 1129 837 1168 unum
859 1110 988 1168 contrita
1011 1111 1049 1168 ad

54 1214 111 1253 eum
139 1196 238 1254 locum
266 1196 418 1271 perducito
450 1200 480 1255 et
513 1216 603 1272 supra
637 1197 738 1255 lanam
767 1197 866 1256 albam
894 1198 1057 1274 limpidam.

54 1284 145 1356 ponito
169 1287 200 1342 et
223 1302 311 1360 super
332 1303 464 1360 pannum
487 1287 517 1343 et
540 1285 699 1363 diligenter
725 1287 818 1344 fascia
845 1288 1048 1365 constringite.

54 1373 131 1431 tertio
165 1391 282 1448 quoque
312 1372 358 1432 die
391 1373 507 1433 solvito.
561 1374 605 1433 ite
636 1377 753 1450 curato,
785 1375 877 1434 donec
909 1395 940 1435 se
972 1377 1049 1436 cutis

55 1459 163 1538 obliget.
209 1461 379 1521 observabis
402 1464 516 1538 tamen,
538 1463 626 1520 utin
649 1482 685 1521 ea
707 1481 796 1523 causa
823 1465 953 1538 positum
975 1466 1048 1524 mol-

27 1565 44 1606 15
55 1547 121 1608 libus
144 1550 217 1608 cibis
240 1569 300 1609 non
323 1551 361 1609 ad
383 1551 502 1626 plenam
523 1553 658 1611 ventrem
681 1551 745 1610 olca
767 1551 826 1610 des.

109 1639 262 1696 LXXXIH
290 1639 322 1698 Si
345 1640 424 1715 quod
445 1640 611 1698 iumentum
634 1643 747 1698 costam
773 1641 896 1718 fregerit
918 1645 971 1700 aut
994 1643 1048 1700 ali-
1069 1644 1123 1700 705

55 1727 124 1799 quod
146 1728 255 1786 vitium
277 1728 393 1803 fecerit,
423 1728 465 1788 sic
489 1727 612 1808 curabis.
659 1729 772 1804 aperies
802 1749 869 1787 eum
898 1729 996 1788 locum
1019 1733 1050 1789 et

55 1832 111 1872 eam
142 1819 255 1874 costam
287 1817 404 1890 caedes,
439 1835 532 1892 usque
565 1835 624 1892 quo
657 1818 696 1875 ad
727 1817 853 1877 solidam
885 1821 915 1876 et
946 1836 1049 1877 sanam

55 1907 156 1962 costam
177 1891 287 1964 venies.
324 1908 357 1964 at
382 1905 435 1964 ubi
457 1906 601 1964 deraseris
625 1906 673 1964 vel
700 1907 825 1965 frustum
847 1906 987 1966 vitiatum
1013 1908 1049 1965 de

26 1989 109 2050 solaco
132 1993 280 2068 eduxeris,
308 1993 425 2053 curabis
448 1995 634 2071 traumatico,
662 1997 692 2054 et
715 1996 791 2054 sicut
813 1995 920 2054 vulnus
942 1997 1049 2071 permi-

55 2081 124 2140 serit.
169 2100 274 2141 sanum
296 2082 355 2143 fiet.

110 2170 260 2230 LXXXIV
284 2170 315 2229 Si
339 2171 417 2247 quod
439 2172 603 2229 iumentum
626 2172 771 2230 claeulum
789 2173 820 2230 in
838 2173 918 2232 latus
936 2174 1047 2249 fecerit,
1068 2175 1123 2231 700

55 2256 89 2314 sic
109 2279 175 2317 eum
198 2259 323 2318 curabis.
359 2261 446 2318 huius
469 2260 625 2319 decamato
652 2260 765 2320 radices
789 2264 819 2320 et
845 2263 901 2321 hoc
923 2262 1049 2322 medica-

54 2349 176 2405 mentum
207 2348 349 2424 impones.
395 2349 532 2423 spodium
558 2368 625 2408 cum
656 2350 720 2424 pice
752 2350 867 2426 liquida
900 2353 930 2409 et
957 2352 1049 2410 sardi-

27 2451 150 2494 auarum
168 2436 275 2512 pulpas
296 2432 300 2515 Ι
321 2437 426 2495 tritum
444 2437 541 2496 locum
559 2437 713 2513 imponito.
747 2439 842 2498 'tertio
863 2458 979 2514 quoque
1002 2440 1049 2497 die
1075 2440 1181 2500 14411)

55 2523 162 2584 solvito.
209 2525 234 2583 si
265 2525 422 2600 limpidum
454 2527 545 2584 fuerit
577 2529 607 2584 et
625 2527 798 2586 rotimdum
830 2528 975 2586 clnculum
1006 2527 1049 2587 vi-

56 2609 136 2687 deris,
167 2614 254 2672 huius
284 2632 350 2674 oras
381 2615 542 2673 decusatim
569 2615 709 2690 scalpello
731 2615 901 2689 intercideS,
933 2614 1049 2674 curabis

55 2701 267 2761 medicamentis
291 2703 377 2778 aptis.
424 2721 528 2762 sanum
550 2702 608 2760 fiet.

113 2790 247 2849 LXXXV
274 2791 306 2850 si
329 2792 408 2867 quod
434 2792 598 2850 iumentum
620 2791 652 2849 in
679 2792 775 2850 latera
796 2792 946 2868 pispasam
969 2810 1048 2850 crea·
1070 2795 1123 2849 707

27 2878 136 2956 averit,
169 2879 247 2955 quod
275 2883 320 2939 est
350 2899 454 2939 cancer
484 2880 638 2958 frigidum,
671 2881 712 2939 sic
739 2880 862 2939 curabis.
909 2880 1049 2955 scalpello

57 2963 203 3026 intercides
226 2987 292 3026 eam
314 2969 433 3027 directis
458 2969 564 3046 plagia,
586 2988 679 3044 usque
703 2989 760 3045 quo
785 2970 823 3027 ad
844 2969 945 3028 firmos
969 2972 1049 3028 cutes

56 3055 156 3132 remea,
178 3060 209 3115 et
231 3057 292 3116 sale
315 3058 425 3135 grande
445 3076 494 3116 eas
512 3058 617 3134 plagas
636 3057 820 3132 confricabis,
842 3058 947 3116 deinde
966 3061 1048 3116 aceto

57 3197 257 3213 Qun——

122 3301 134 3348 1
153 3296 241 3350 maior
254 3299 263 3366 11
277 3303 292 3348 2
307 3296 473 3367 perungito?
486 3299 496 3366 11
510 3301 525 3350 6
541 3295 681 3365 disponite
695 3298 704 3365 11
718 3301 734 3348 0
749 3313 804 3350 ana
820 3297 971 3352 numeroV
985 3298 1048 3353 odd.

58 3378 135 3431 supro
152 3371 205 3420 674
218 3371 227 3437 11
242 3373 275 3420 15
294 3367 414 3423 oliades:
424 3368 518 3422 olera?
532 3370 541 3437 11
556 3374 588 3422 16
608 3368 641 3433 cf.
652 3383 737 3435 supra
748 3371 800 3421 671
814 3369 824 3438 11
839 3374 871 3422 19
890 3370 1032 3423 furuscum
1047 3370 1051 3513 1

59 3437 88 3484 22
107 3435 285 3508 (1661616123
305 3439 470 3493 decamatos
487 3441 497 3508 11
516 3443 549 3491 25
567 3438 660 3492 locum
675 3438 783 3492 =loco
800 3441 811 3509 11
829 3446 862 3494 26
882 3439 1032 3494 dauculum

59 3508 89 3555 27
107 3505 182 3562 horas
202 3509 398 3580 decerminus
416 3527 502 3579 supro
521 3511 645 3579 687131
666 3509 794 3565 adfirmes
878 3535 880 3538 ·
