2470 3902
179 125 242 188 158
366 123 648 179 MULOMEDIGINA
667 123 836 179 cultionis
854 128 996 178 iva-rsa

178 293 268 349 quam
293 320 299 332 .
323 320 329 332 .
354 273 457 333 dextra
481 277 570 350 atque
594 270 729 350 sinistra,
760 278 791 333 et
812 275 909 333 herbis
939 274 1102 333 levioribus
1123 295 1191 332 enm

178 364 330 436 adducere,
354 364 446 422 donee
470 363 666 422 convalescat.

101 453 158 509 ivo
244 453 357 510 XXXII
378 452 423 510 De
446 473 550 511 renum
573 453 716 511 vulsione.
763 452 788 511 si
812 452 891 528 quod
913 452 1081 510 iumentum
1105 471 1192 511 renes

176 541 314 616 vulserit,
344 541 430 618 signa
460 544 548 599 erunt
575 542 657 600 haee.
703 541 792 616 pedes
822 541 1002 616 posteriores
1032 542 1135 600 trahit
1164 545 1192 600 et

175 633 210 688 ut
236 630 404 708 intelligere
431 650 499 688 eum
515 631 621 706 possis,
643 629 727 689 iubes
746 650 813 688 eum
832 649 956 705 ourrere,
980 633 1010 688 et
1033 630 1109 690 (lum
1129 651 1191 690 onr-
1213 647 1224 686 i

174 719 260 794 rerit,
292 719 390 777 subito
414 738 482 778 eum
509 719 636 778 flectere.
683 719 708 777 si
739 719 819 778 fleoti
851 737 912 776 non
940 719 1090 794 potuerit,
1123 721 1191 778 inde

175 807 338 885 intelliges,
371 811 425 866 aut
455 807 565 866 lumbis
597 811 651 866 aut
677 808 797 867 renibus
828 808 931 866 vulsus
963 808 1010 865 sit.
1057 811 1092 866 et
1119 829 1191 869 non-

175 916 327 972 nunquam
364 897 539 974 sanguinem
575 897 672 955 meiet.
723 897 775 956 sed
811 897 836 956 si
871 896 973 956 vivum
1009 899 1191 974 sanguinem

174 985 277 1061 meiet,
308 986 382 1044 seito
413 1005 481 1044 enm
508 1003 568 1044 non
591 1004 677 1061 posse
701 987 808 1045 vivere.
847 985 873 1044 si
895 985 1035 1044 blatteias
1057 988 1190 1062 mixerit,

98 1075 155 1132 480
174 1075 248 1133 scito
282 1094 349 1132 eum
385 1092 470 1149 posse
507 1075 612 1133 ourari.
668 1075 709 1134 sio
742 1094 810 1133 eum
846 1074 962 1132 curabis
999 1075 1189 1136 detractione
1201 1091 1222 1129 u

173 1163 335 1240 sanguinii.
380 1163 532 1239 potionem
555 1163 632 1221 hano
655 1165 683 1222 ei
705 1163 798 1222 dabis.
844 1163 926 1238 porri
955 1164 1058 1223 seolioi
1087 1183 1190 1226 suoum

173 1272 208 1310 ex
238 1270 317 1326 aqua
344 1251 437 1310 dabis.
491 1252 516 1310 si
544 1253 662 1310 urinam
692 1253 788 1311 faeere
823 1271 884 1310 non
913 1253 1041 1328 poterit,
1073 1257 1190 1313 stereus

173 1340 294 1398 suillum
329 1358 430 1399 reeens
467 1341 498 1398 in
534 1341 604 1400 vino
636 1343 730 1401 veteri
763 1341 870 1400 diluito
907 1343 938 1399 et
969 1341 1056 1418 dato,
1096 1343 1188 1402 bibat

173 1429 276 1486 statim
298 1429 416 1487 urinam
439 1429 520 1488 feeit.
557 1431 631 1488 item
653 1431 678 1489 si
701 1431 818 1488 minam
842 1448 902 1488 non
928 1429 1046 1508 feeerit,
1070 1432 1189 1491 cimices

171 1519 232 1576 tres
254 1518 286 1576 in
308 1518 429 1577 sinistra
451 1537 543 1577 manu
565 1519 674 1578 sumito
697 1522 728 1578 et
750 1538 800 1578 eos
819 1520 846 1577 ei
863 1519 1025 1594 perfricato
1048 1516 1111 1597 [et]
1135 1522 1230 1597 ori-u,

171 1606 283 1682 fioium,
313 1626 373 1683 qua
400 1608 549 1666 consuerit
575 1608 694 1666 urinam
716 1609 820 1667 faeere.
867 1607 970 1666 statim
994 1626 1108 1668 sanum
1132 1611 1188 1669 fiet.
1228 1665 1229 1670 ,

95 1696 151 1753 481
238 1696 366 1754 XXXIII
390 1695 421 1754 si
445 1696 524 1772 quod
547 1697 712 1756 iumentum
730 1697 878 1756 musculos
897 1696 1045 1756 subiectos
1062 1700 1189 1758 renibus
1228 1683 1230 1750 ³,

171 1785 299 1860 vexabit,
323 1786 409 1862 signa
430 1786 518 1844 huius
542 1788 630 1844 erunt
656 1786 738 1844 haee.
784 1788 886 1862 tergus
916 1785 1023 1844 durum
1053 1791 1089 1846 et
1122 1807 1187 1848 eon·
1222 1852 1228 1889 Ι

171 1876 301 1932 tractum
323 1874 445 1933 habebit
467 1877 499 1932 et
521 1893 625 1934 ooxam
647 1875 743 1933 trahit
766 1877 796 1932 et
818 1875 920 1934 vultus
939 1875 982 1932 eis
1000 1875 1104 1935 tristis
1124 1878 1186 1950 erit,
1223 1892 1228 1917 ¹

171 1981 231 2020 non
253 1963 425 2022 revolvitur.
471 1965 544 2022 haee
567 1967 667 2023 autem
690 1964 825 2022 valitudo
853 1963 987 2022 nascitur
1014 1969 1068 2022 aut
1095 1967 1186 2043 longa
1233 2037 1234 2040 1

171 2051 349 2127 fatigatione
377 2052 493 2111 itineris
516 2055 570 2111 aut
590 2071 609 2112 o
632 2054 741 2112 oliooso
767 2049 833 2128 [aut
856 2049 887 2128 a]
908 2052 959 2112 via
977 2056 1068 2111 auta
1099 2075 1185 2114 curru
1223 2110 1234 2123 .,

172 2142 225 2197 aut
247 2139 327 2198 saltu
350 2141 518 2216 etquidem
545 2142 707 2217 plurimum
730 2161 765 2199 ex
788 2142 1005 2218 fatigationem.
1049 2161 1123 2202 oum
1147 2146 1184 2203 sio
1221 2186 1228 2239 Ι

171 2227 318 2303 sentiunt,
351 2230 393 2288 sie
426 2230 551 2289 curabis.
598 2232 772 2308 sanguinem
802 2249 820 2288 a
847 2230 1009 2289 visceribus
1040 2233 1070 2291 ei
1103 2235 1184 2292 emit-
1222 2254 1228 2307 3

47 2317 221 2391 13211111,
263 2312 267 2394 1
304 2321 394 2392 prout
425 2337 456 2377 se
488 2338 594 2395 oorpus
625 2319 771 2378 habuerit
825 2320 978 2394 potionem
1010 2322 1111 2380 uteris
1149 2322 1183 2380 ad
1225 2358 1233 2392 3

169 2406 366 2464 valitudinem
384 2408 550 2466 facientem.
592 2409 731 2468 moribus
755 2408 983 2467 dormitionibus
1003 2429 1073 2468 eum
1092 2410 1182 2469 00110-
1193 2376 1227 2529 20⁴

170 2496 258 2555 cabis,
304 2514 409 2554 sanum
431 2497 490 2555 fiet.

93 2585 150 2642 482
235 2585 361 2643 XXXIV
388 2585 419 2643 Si
439 2585 518 2661 quod
540 2586 706 2644 iumentum
729 2586 924 2645 deiectionem
945 2587 1075 2661 pectinis
1095 2607 1181 2646 vexa·
1219 2542 1226 2647 1

168 2673 257 2749 bitur,
282 2675 367 2751 signa
385 2675 473 2732 huius
492 2677 579 2732 erunt
600 2676 681 2734 haee.
723 2675 805 2734 oolor
827 2674 980 2733 oculorum
1004 2677 1180 2750 mutabitur,
1229 2679 1232 2752 j

169 2765 199 2820 et
223 2763 368 2838 quidquid
389 2763 530 2838 remittit,
558 2764 646 2822 nimis
672 2764 827 2822 humidum
855 2764 920 2824 erit.
967 2763 1009 2823 sio
1038 2785 1109 2823 eum
1133 2784 1180 2824 ou·

241 2923 254 2968 1
274 2932 359 2983 quam
386 2915 443 2968 nlle
467 2916 495 2982 11.
516 2932 535 2968 e.
555 2914 651 2983 nullis)
674 2916 713 2970 sic
737 2918 741 2983 1
767 2914 841 2968 erbis
863 2917 873 2984 11
896 2920 911 2966 3
934 2916 970 2981 of.
990 2915 1071 2982 iufra
1091 2920 1147 2970 715
1170 2915 1179 2983 l
1230 2945 1231 2950 1

169 2991 184 3038 5
203 2986 364 3058 intelleges:
383 3001 450 3067 corr.
466 2987 546 3056 Β119
562 2986 665 3040 siblato
683 2985 769 3068 teias:
784 3012 818 3032 =
833 2986 964 3069 blatteas,
978 2987 1014 3052 cf.
1029 2987 1112 3079 infru
1127 2991 1178 3068 6ᾷό

167 3056 826 3198 1111111111111111111111111ὲὲ
844 3057 1175 3198 itliititillit
1219 3126 1225 3203 ,

166 3199 322 3253 iumentum
353 3202 362 3269 11
391 3206 423 3252 14
447 3198 544 3253 cinnas
571 3199 581 3272 11
616 3205 647 3251 17
681 3199 755 3269 Veg:
771 3200 798 3252 V
817 3202 885 3266 4,2
911 3201 920 3268 11
948 3204 980 3251 21
1011 3199 1175 3253 adolibisos:
1229 3211 1230 3216 ’

167 3270 297 3324 anfractu
315 3269 483 3324 olivoearum
502 3270 621 3338 viarum,
647 3269 775 3324 incitatio
795 3286 905 3338 quoque
924 3287 1020 3324 eureus
1041 3273 1070 3324 et
1088 3271 1175 3324 saltus

167 3341 292 3394 extensio
310 3341 384 3394 hano
403 3341 535 3394 adferunt
553 3357 666 3396 oausam
689 3341 751 3423 Veq.
775 3343 779 3411 1
803 3358 897 3394 currus
916 3344 926 3410 11
950 3347 984 3393 22
1004 3341 1095 3395 saltus
1121 3344 1125 3409 1
1150 3344 1177 3394 et

167 3411 230 3467 add.
250 3413 278 3464 B
296 3413 305 3483 11
324 3417 357 3464 23
376 3429 413 3480 sq.
432 3411 586 3466 visceribus
605 3415 634 3466 et
653 3427 682 3466 se
700 3413 827 3467 mittitis:
854 3415 964 3482 oportet
982 3411 1076 3466 emitti
1101 3414 1174 3482 Vra,
1228 3425 1229 3430 ’

167 3482 345 3535 semissabis?
359 3485 368 3550 11
382 3488 415 3534 ai
436 3481 555 3536 defectio
573 3485 657 3537 iudex
673 3500 760 3562 supro
775 3502 804 3554 p.
824 3487 930 3551 130,31
1228 3491 1229 3500 ¹
