2474 3910
192 138 257 202 242
380 136 661 193 MULOMEDICINA
679 137 849 193 CHIRONIS
868 143 1008 192 778-780

192 289 416 365 proportionem
438 288 578 348 invenies.
619 291 702 347 extra
726 307 801 364 quae
825 307 916 364 opera
938 287 1001 347 eius
1024 288 1204 348 celerissime

194 378 246 436 dat
270 377 463 452 adiutorium,
492 397 530 436 ne
557 377 665 438 tardes.
702 380 733 436 et
762 377 899 436 dentibus
927 377 1004 435 nihil
1034 381 1093 452 est,
1125 378 1203 452 quod

191 467 310 541 credas,
349 467 417 525 ideo
454 466 532 542 quod
568 469 677 526 nature
704 469 749 525 est
779 466 920 542 iumenti,
948 471 983 525 at
1013 465 1100 524 sliud
1135 470 1202 525 ante

192 559 310 632 tempus
333 555 441 615 deiciet
463 558 493 613 et
516 555 598 614 eliud
621 555 739 614 dentem
761 558 831 631 post
849 556 967 613 dentem
990 555 1102 613 trudet.

117 649 173 705 778
259 663 404 704 annorum
440 647 470 702 et
501 644 635 703 dentium
666 647 754 704 notsc
786 663 853 703 cum
884 663 1006 719 corpore
1037 647 1228 704 1111111111

192 734 262 793 dum
284 733 381 792 bimus
405 736 435 792 et
458 751 508 792 sex
530 733 675 792 mensium
703 735 760 809 est,
787 733 878 791 medii
905 733 1009 792 dentes
1036 733 1202 808 superiores

192 823 310 882 cudunt.
349 841 416 880 cum
439 824 580 897 quartum
604 841 715 880 sunum
738 821 810 899 agit,
832 821 879 881 his
903 821 954 897 qui
977 821 1077 880 canini
1103 822 1202 897 appel-

191 912 293 970 lentur
320 911 441 970 deiectis
465 910 540 970 alios
568 910 690 970 sdferet.
728 910 832 970 deinde
855 913 936 972 intra
957 915 1069 969 scalam
1094 930 1202 969 annum

192 1001 319 1059 molares
342 999 507 1075 superiores
531 1002 561 1058 et
583 999 738 1059 inferiores
760 999 878 1058 cadunt.
924 1002 1007 1059 sexto
1031 1017 1111 1058 anno
1131 1018 1202 1075 quos

191 1089 321 1165 primum
356 1089 499 1163 mutavit,
536 1091 689 1164 exaequet.
742 1088 868 1164 septimo
904 1106 1006 1147 omnes
1048 1089 1202 1164 explentm
1210 1107 1227 1147 11

192 1178 366 1254 aequaliter,
386 1197 421 1236 ex
440 1196 473 1236 eo
492 1179 612 1236 cavatos
629 1174 810 1253 [ten]dentes
824 1177 910 1255 gerit.
939 1195 992 1236 nec
1004 1179 1112 1252 postea
1126 1177 1201 1252 quod

193 1285 338 1326 annorum
356 1266 409 1341 sit,
427 1266 584 1324 manifeste
603 1265 811 1341 comprehendi
828 1268 936 1341 potest.
975 1263 1070 1342 [post]
1090 1265 1199 1324 decimo

194 1359 295 1414 temen
319 1374 396 1413 anno
420 1357 556 1430 tempora
578 1355 679 1413 cavari
705 1355 853 1430 incipiunt
882 1357 913 1412 et
942 1354 1104 1430 supercilia
1133 1373 1199 1414 non·

190 1462 343 1519 nunquam
365 1461 517 1502 canescere
540 1446 570 1502 et
593 1442 694 1502 dentes
716 1443 891 1518 prominere.

117 1538 173 1595 779
259 1533 332 1592 haec
355 1551 431 1608 quae
457 1529 519 1608 [de]
544 1532 583 1590 ad
615 1532 748 1590 animum
784 1535 814 1591 et
849 1549 946 1590 mores
980 1549 1145 1608 corpusque
1173 1535 1223 1590 ets

191 1624 320 1681 oetatem
347 1621 498 1696 pertinent
525 1620 681 1680 dicendum
708 1620 781 1680 sutis
804 1620 906 1679 babeo.
951 1640 1029 1680 nunc
1061 1621 1196 1696 incipiam

190 1711 316 1787 probare
334 1710 532 1769 iumentorum
553 1728 671 1788 genera.
706 1709 853 1786 probandi
876 1709 992 1786 generis
1011 1709 1114 1786 equini
1132 1709 1196 1767 haec
1234 1759 1235 1763 ,

191 1803 277 1859 01111
299 1798 416 1859 honesti
439 1798 531 1856 animi
555 1799 738 1857 documenta.
776 1798 907 1874 corporis
929 1817 1000 1857 vero
1019 1799 1117 1857 formu
1136 1817 1194 1857 con·

190 1889 283 1948 stabit
301 1889 381 1947 haec.
415 1888 520 1964 exiguo
542 1887 648 1963 capite,
666 1887 759 1964 nigris
782 1887 884 1962 oculis,
901 1889 1025 1946 acribus
1044 1886 1193 1962 edspertis,

189 1977 327 2036 brevibus
346 1976 486 2036 auriculis
500 1979 530 2034 et
547 1977 644 2052 rectiS,
662 1976 774 2035 cervice
792 1977 877 2034 molli
894 1976 1017 2051 lataque
1036 1995 1091 2035 nec
1104 1976 1220 2051 longas

190 2066 242 2125 sed
258 2067 349 2125 densa
367 2065 438 2124 iuba
456 2068 486 2124 et
503 2084 557 2141 per
579 2064 682 2123 dextra
700 2067 785 2140 parte
804 2065 948 2140 profluxu,
970 2065 1032 2124 lato
1055 2068 1085 2124 et
1108 2061 1191 2141 [pro]-

113 2160 172 2217 7811
189 2155 389 2214 musculorum
408 2154 482 2213 toris
506 2151 562 2230 [et]
584 2171 709 2213 nervoso
727 2156 854 2229 pectore,
877 2153 1040 2231 grandibus
1065 2153 1151 2213 srmis
1167 2154 1191 2209 et

188 2244 286 2319 rectis,
295 2242 438 2302 lateribus
452 2242 576 2318 inflexis,
590 2243 676 2317 spine
687 2242 807 2318 duplici,
820 2245 922 2301 ventre
936 2243 1105 2316 substricto,
1120 2240 1188 2300 testi·

190 2332 245 2390 bus
263 2331 384 2407 paribus
405 2335 434 2390 et
453 2331 575 2409 exiguis,
593 2331 664 2390 latis
682 2331 790 2390 lumbis
809 2333 839 2390 et
857 2331 1086 2406 subsidentibus,
1108 2329 1187 2390 caude
1233 2355 1234 2358 ¹

189 2422 280 2499 longe
300 2424 330 2480 et
348 2423 446 2480 setosa
464 2421 628 2495 crispoque,
646 2419 785 2478 mollibus
804 2423 894 2496 atque
908 2420 978 2479 eltis
993 2423 1126 2480 conoe
1139 2415 1184 2494 [se-
1195 2431 1215 2472 11

188 2508 315 2588 11101111,
337 2509 427 2568 tereti
449 2527 528 2586 genu
550 2527 701 2584 parvoque
724 2527 777 2568 nec
798 2509 944 2568 introrsus
967 2511 1129 2585 spectanti,
1148 2524 1183 2563 ro

188 2599 289 2659 tundis
317 2597 467 2676 clunibus,
497 2597 654 2656 feminibus
681 2597 801 2675 torosis,
825 2597 906 2657 duris
933 2598 1055 2675 ungulis
1079 2600 1108 2657 et
1128 2594 1183 2653 ultis

189 2690 220 2748 et
251 2688 387 2747 concavis
421 2686 631 2761 rotundisque,
664 2686 771 2762 quibus
800 2705 926 2746 coronae
958 2683 1015 2763 [et]
1039 2686 1182 2746 mediocres
1220 2697 1228 2759 2

188 2777 391 2854 superpositae
421 2775 489 2833 sint.
535 2774 577 2834 sic
606 2775 776 2834 universum
803 2793 909 2851 corpus
934 2776 1138 2852 compositum,
1156 2771 1181 2826 ut
1223 2786 1233 2834 '1

260 2927 450 2981 3iumentum
473 2926 477 2998 Ι
500 2928 532 2980 11
554 2926 654 2981 addidi
679 2929 688 2996 ΙΙ
711 2931 726 2979 1
747 2926 895 2981 Columella
918 2927 962 2982 VI
980 2930 1061 2993 29,4
1085 2929 1125 2996 (cc
1139 2934 1178 2992 110
1222 2917 1233 2967 ·'

188 3001 282 3055 omnic
299 3000 366 3054 bace
383 2998 551 3067 tramaripta
573 3000 647 3066 sunt)
669 3004 792 3067 praestat
817 2999 956 3052 accillum
975 2998 979 3069 Ι
1001 2999 1070 3051 note
1087 2997 1097 3068 11
1112 3001 1127 3049 8
1142 2993 1176 3044 do
1221 3016 1227 3069 ς

188 3070 275 3126 ieotos
300 3073 304 3140 Ι
327 3069 402 3123 intra
425 3071 535 3123 sextum
557 3069 645 3138 suppl.
667 3068 722 3123 Col.
745 3071 755 3139 ΙΙ
778 3073 793 3121 9
812 3085 868 3137 quo
891 3071 900 3138 ΙΙ
923 3074 955 3123 11
976 3067 1091 3122 cubator
1111 3067 1175 3116 ’111
1222 3083 1228 3103 ·

188 3142 286 3196 dentes
307 3143 311 3210 Ι
326 3157 379 3195 nec
398 3139 468 3194 Oct:
486 3141 518 3192 11
530 3142 541 3209 ΙΙ
555 3145 588 3192 11
605 3140 659 3194 Col.
679 3140 878 3209 71111116
893 3137 996 3194 dixisse
1008 3139 1062 3194 001.
1078 3140 1082 3210 Ι
1097 3136 1173 3216 ebuso:

187 3230 255 3269 corr.
266 3214 293 3267 B
306 3213 317 3284 11
331 3218 364 3267 18
383 3210 494 3265 honesti
512 3209 599 3264 animi
618 3210 798 3266 documento:
817 3211 852 3278 cf.
862 3228 892 3280 p.
907 3214 998 3278 243,3
1011 3213 1021 3280 ΙΙ
1035 3216 1068 3264 19
1080 3205 1172 3262 umbus
1231 3257 1232 3262 ,

188 3285 251 3339 odd.
273 3284 328 3338 Col.
347 3285 357 3352 l
375 3288 407 3335 21
427 3281 542 3352 profusa
561 3281 638 3352 0011
658 3282 746 3348 111111
769 3281 901 3336 22101111
925 3282 929 3354 Ι
948 3297 1064 3335 numero
1082 3279 1171 3350 pedon

190 3355 245 3408 Col.
262 3353 266 3424 1
281 3353 416 3422 gradibus
430 3355 440 3432 Ι]
454 3358 488 3406 sb
503 3351 628 3406 cruribus
647 3352 759 3407 addidi:
778 3352 910 3407 mollibus
929 3352 1099 3422 (aequalibus
1115 3365 1134 3400 o.
1149 3343 1171 3408 1-1

189 3425 275 3489 etque
292 3422 357 3475 altis
372 3423 511 3501 rectisque
527 3422 653 3477 cruribus
673 3422 752 3548 Col.)
769 3423 854 3478 teseti
872 3440 964 3494 genus
978 3426 987 3492 u
1002 3429 1034 3477 26
1049 3419 1170 3490 expecten-

188 3491 265 3544 tibus
284 3494 292 3560 l}
311 3497 344 3543 27
359 3493 455 3544 1011111
475 3507 508 3544 ac
526 3493 680 3546 numerosis
695 3495 732 3548 ad
753 3537 758 3548 .
776 3493 830 3549 001.
