2512 3906
182 181 247 235 XVI
569 177 788 232 PRAEFATIO.

183 331 341 391 Chironem
367 329 595 389 mulomedicum
621 330 679 388 nisi
708 327 900 405 Centaurum,
928 346 987 387 non
1014 328 1101 388 modo
1131 347 1201 406 cog-

105 433 108 440 “
184 439 292 479 nomen
306 419 492 495 addiderunt,
507 419 558 478 sed
570 421 668 477 totum
680 417 941 476 Mulomedicinam
955 418 993 476 ab
1007 435 1041 475 eo
1056 417 1202 493 scriptam
1253 445 1254 448 ¹

183 509 300 585 opinati
316 527 424 566 nomen
442 508 505 567 eius
523 508 633 566 iniuria
651 508 844 581 intrusenrnt,
861 506 913 564 ubi
932 507 1025 564 alium
1048 509 1203 564 auctorem

183 598 364 673 exscriptum
405 615 467 656 esse
507 597 592 656 nobis
629 597 699 654 licet
736 595 897 654 ostendere.
957 595 1038 670 apud
1075 593 1203 653 Suidam

184 689 285 746 autem
313 686 401 762 culpa
428 685 634 762 epitomatoris
661 684 857 760 Hesychiani,
889 683 942 758 qui
968 701 1046 743 nono
1074 703 1103 759 p.
1132 682 1202 742 Chr.

184 776 301 835 saeculo
324 775 397 849 fuit,
424 773 535 833 Chiron
558 772 723 832 Centaurus
746 775 777 831 et
801 771 910 832 Chiron
932 771 1144 832 mulomedicus
1168 773 1203 830 in

183 883 277 923 unum
299 863 419 922 conflati
441 854 549 938 sunt.¹)

273 952 310 1010 In
353 951 445 1010 titulo
486 969 556 1010 vero
596 949 843 1008 Mulomedicinae
878 951 997 1026 praeter
1039 947 1202 1009 Chironem

183 1041 349 1117 Apsyrtnm
366 1059 459 1098 unum
482 1057 500 1097 s
523 1039 717 1114 compilatore
734 1038 843 1097 Latino
866 1039 1052 1098 nominatum
1075 1056 1137 1098 esse
1161 1057 1201 1097 ex

184 1130 310 1207 Vegetio
339 1132 369 1188 et
396 1147 432 1186 ex
459 1127 674 1204 subscriptione
701 1126 878 1202 lihrinoni,
900 1129 1048 1202 utsupra
1071 1145 1201 1186 comme-

185 1219 308 1294 moravi,
337 1217 542 1292 comperimus,
570 1233 750 1292 quamquam
780 1213 910 1274 Sotionis
938 1215 1079 1274 Fornacis
1107 1215 1201 1292 Poly-

186 1307 256 1366 cleti
276 1309 413 1382 excerpta
430 1306 536 1365 iisdem
559 1305 669 1380 saeptis
693 1305 834 1363 contenta
856 1322 918 1363 esse
936 1302 1080 1382 Vegetius
1103 1303 1204 1379 docet,

186 1396 296 1472 quippe
337 1395 388 1470 qui
429 1397 566 1469 excerpta
606 1393 660 1451 illa
701 1411 768 1451 cum
808 1393 953 1468 excerptis
991 1391 1126 1452 Chironis
1171 1396 1204 1452 et

185 1483 312 1560 Apsyrti
337 1484 432 1542 mixte
458 1484 566 1561 legerit
591 1481 624 1540 in
646 1481 876 1540 Mulomedicina
903 1481 1006 1540 eodem
1033 1481 1113 1555 loco,
1141 1501 1204 1556 quo

185 1573 273 1632 hodie
313 1591 348 1630 ea
388 1572 523 1648 legimus.
582 1589 636 1630 nee
675 1570 784 1628 mirum
821 1571 985 1630 ceterorum
1021 1570 1205 1645 scriptorum

186 1662 307 1720 nomina
341 1661 375 1720 in
411 1661 508 1719 fronte
539 1658 785 1718 Mulomedicinae
817 1658 930 1735 deesse,
962 1657 1205 1734 quondoquidem

189 1749 298 1810 Chiron
334 1752 365 1809 et
399 1748 562 1825 Apsyrtus,
598 1747 770 1807 veterinarii
806 1747 894 1807 facile
930 1747 1100 1822 clarissimi,
1135 1748 1204 1808 iure

187 1839 352 1915 principem
382 1839 481 1898 locum
512 1828 732 1918 obtinebant2),
763 1853 818 1896 nee
848 1836 980 1912 quinque
1007 1837 1142 1896 auctores
1171 1837 1206 1895 in

261 2044 286 2111 1)
311 2041 344 2094 Id
375 2042 451 2110 quod
478 2040 565 2095 didici
592 2056 610 2094 a
637 2038 757 2110 Georgio
780 2039 917 2107 Wentsel,
943 2038 1002 2093 viro
1030 2038 1204 2108 doctissimo,

189 2111 262 2166 sicut
280 2115 361 2182 grato
379 2112 512 2182 profiteor
529 2111 631 2166 animo.
669 2110 862 2180 epitomatoris
882 2125 947 2180 ergo
966 2112 1032 2164 sunt
1050 2110 1137 2164 etiam
1156 2127 1205 2164 ex·

187 2185 278 2238 treme
291 2183 376 2237 verba
385 2183 430 2238 det
439 2184 489 2237 καὶ
498 2179 658 2250 Κένταυρος
666 2180 828 2251 ὠνομάσθη,
842 2181 877 2236 cf.
893 2198 978 2251 supra
986 2199 1014 2250 p.
1025 2179 1090 2234 Vlll
1099 2196 1164 2235 ann.
1178 2188 1203 2236 1.

188 2255 281 2308 nescio
300 2254 395 2323 igitur,
414 2270 451 2307 an
470 2253 555 2308 etiam
574 2253 809 2322 Astrampsychus
827 2252 885 2320 1116,
903 2252 953 2320 qui
970 2253 1073 2306 librum
1093 2253 1128 2306 de
1147 2254 1205 2306 asi-

188 2342 287 2379 norum
302 2325 445 2378 curatione
460 2325 580 2394 scripsit,
600 2323 814 2393 distinguendus
833 2323 871 2378 sit
889 2339 907 2377 a
924 2339 1008 2392 mago
1027 2324 1205 2392 cognomine,

189 2413 272 2465 quem
300 2396 335 2449 de
362 2396 532 2450 somniorum
559 2395 790 2464 interpretatione
813 2395 904 2465 egisse
920 2395 1062 2448 dicebant.
1099 2394 1205 2449 Suidas

189 2467 303 2537 quidem
317 2485 337 2521 s.
347 2483 372 2520 r.
383 2463 420 2520 Ἀ.
430 2464 462 2529 ὃς
474 2463 583 2539 βιβλίον
596 2465 721 2534 ἰατρικὸν
735 2465 776 2528 εἰς
788 2464 863 2521 ὄνων
876 2463 1036 2536 θεραπείαν
1049 2462 1202 2534 πεποίηκε·

188 2538 238 2594 καὶ
253 2535 493 2606 Ὀνειροαριιικόν.

260 2611 287 2678 2)
300 2609 499 2678 Inquirendum
513 2607 575 2676 erit,
584 2625 652 2662 num
660 2607 772 2662 vinculo
782 2606 904 2676 quodam
913 2605 1016 2662 Chiron
1025 2609 1055 2662 61
1063 2607 1206 2676 Apsyrtns

189 2681 263 2735 inter
276 2697 306 2734 se
320 2679 462 2734 coniuncti
475 2679 532 2734 sint
546 2681 575 2733 61
587 2681 651 2733 nter
664 2679 806 2747 antiquior
820 2694 880 2732 esse
893 2678 1030 2734 videatur.
1067 2679 1207 2733 memoria

190 2751 307 2821 dignum
329 2754 380 2819 est,
403 2751 478 2819 quod
500 2750 597 2805 mallei
619 2749 718 2816 morbi,
737 2767 791 2819 qno
810 2748 904 2803 nullus
923 2749 1001 2818 equis
1019 2749 1207 2818 perniciosior

190 2825 240 2892 est,
266 2839 349 2891 quem
373 2825 512 2877 nostrates
539 2821 793 2876 ‘Rotzlrrcnkheit'
819 2824 929 2887 vocant,
954 2821 1092 2890 Apsyrtos
1118 2825 1206 2886 §344

189 2893 327 3018 ,Chironis
354 2893 458 2947 lemma
484 2893 525 2946 ibi
552 2892 656 2946 falsum
682 2894 735 2961 est)
761 2893 894 2960 quattuor
917 2907 1020 2961 genere
1043 2891 1206 2960 distinguit,

211 2966 292 3019 hiron
323 2980 387 3018 vero
420 2969 506 3031 §168
538 2967 653 3034 septem.
707 2979 779 3032 quae
810 2962 840 3016 in
866 2962 1086 3016 Mulomedicina
1114 2967 1205 3028 §566

190 3035 225 3089 de
253 3037 359 3090 cervice
386 3036 477 3090 eiecta
504 3036 630 3090 sananda
656 3033 867 3104 praecipiuntur
894 3033 1010 3103 (fascia
1034 3036 1204 3088 tenuem...

190 3105 340 3175 imponito,
364 3123 448 3176 supra
471 3123 503 3160 6ο
523 3106 657 3176 alligeto‘
681 3108 749 3174 eqs.)
772 3105 911 3174 Apsyrtos
933 3120 1064 3173 perversa
1082 3119 1143 3158 esse
1162 3106 1207 3160 ait

190 3175 274 3247 Hipp.
299 3183 370 3245 81,1
395 3177 437 3249 (ἐν
459 3173 503 3240 οἷς
523 3195 598 3240 τινος
619 3173 778 3244 ἐπιδέσμοις
798 3177 935 3246 χρώμενοι
954 3216 960 3229 .
977 3219 982 3229 .
999 3219 1004 3230 .
1024 3172 1109 3230 οὐδὲν
1132 3173 1207 3244 ἀγα-

189 3247 247 3302 θὸν
271 3252 424 3318 ποιοῦσιν),
447 3249 483 3303 cf.
507 3247 669 3302 Schneideri
692 3247 729 3300 ad
746 3246 844 3316 Veget.
868 3245 957 3298 11141
982 3245 1206 3302 annotationem.

190 3334 242 3371 nec
255 3318 347 3372 minus
361 3319 435 3373 inter
448 3335 478 3373 se
491 3322 650 3388 repugnant
663 3317 897 3372 Mulomedicinae
909 3323 924 3383 ᾖ
934 3322 987 3370 460
997 3317 1032 3372 (16
1042 3319 1208 3386 stranguria

191 3389 317 3442 sananda
331 3392 368 3459 (p.
384 3395 443 3456 162,
455 3395 488 3443 10
504 3390 658 3444 ‘demittite
672 3388 818 3442 brachium
837 3389 867 3442 in
886 3403 970 3442 anum
986 3431 990 3441 .
1004 3431 1008 3441 .
1021 3431 1044 3441 ..
1064 3391 1093 3442 et
1111 3404 1207 3444 rever-

191 3462 295 3514 sato..
314 3460 458 3529 vesicam’)
482 3463 511 3514 et
528 3461 644 3530 Apsyrti
662 3459 746 3529 Hipp.
768 3465 871 3526 111,18
895 3461 957 3529 (otu
980 3459 1152 3528 ἀληθεύουσι
1173 3461 1208 3516 δέ

190 3549 288 3593 τινες.
309 3572 314 3585 .
338 3529 462 3599 λέγοντες
485 3533 641 3600 διορθῶσαι
664 3533 725 3585 θεῖν
748 3530 799 3600 τὴν
821 3531 918 3585 κύστιν
941 3530 990 3584 καὶ
1007 3533 1128 3585 καθιᾶσι
1150 3533 1207 3602 τὴν
