2474 3910
249 151 531 207 MULOMEDICINA
549 151 717 233 CHlRONIS
737 159 876 208 sav-699
999 155 1063 219 219

71 300 173 377 legerit,
197 303 336 360 similiter
358 305 486 379 curatur,
509 306 543 362 ut
565 304 596 361 in
618 303 742 378 pedibus
765 304 973 364 demonstravi.
1005 326 1066 365 nou

69 392 235 462 separantur
264 410 370 450 causae
399 410 452 450 nec
483 411 585 467 curae,
614 392 713 450 uniter
741 393 839 450 omnia
867 395 1006 452 eveniunt
1036 397 1066 452 et

67 481 206 537 curantur.

122 567 246 626 LXXIX
275 568 474 644 Quodcunque
504 569 669 627 iumentum
691 569 722 626 in
749 570 869 646 ungulis
893 570 1064 630 Chironium
1083 573 1138 628 697

46 654 192 714 shabuerit
212 657 261 715 vel
277 657 506 716 vermiculosum
523 659 636 717 factum
654 658 753 732 fuerit,
777 659 819 716 sio
837 661 947 717 curato.
984 660 1063 718 urito

65 763 121 801 eam
138 746 310 804 vermiciem
328 745 410 820 bene,
428 765 521 822 usque
542 741 546 824 Ι
567 747 637 814 dum
655 746 728 804 bene
748 747 786 804 ad
805 765 903 806 ossum
919 748 1062 823 pervenis.
1089 751 1187 808 144‘b

64 835 88 888 et
104 837 208 893 curato
229 855 263 892 ex
282 854 316 893 eo
334 834 557 912 medicamento,
577 855 665 910 quem
682 836 714 893 in
733 854 837 894 cancro
857 835 1065 910 demonstravi,

64 941 92 978 er
120 923 307 981 rododafnen
340 925 419 999 quod
451 924 611 983 conficitur.
666 924 739 982 haec
774 925 936 999 imponito,
972 925 1065 983 donec

63 1011 148 1070 omnis
172 1012 303 1071 vermicu
328 1013 501 1086 eradicetur,
532 1013 580 1071 vel
603 1013 629 1070 si
650 1031 749 1071 ossum
773 1016 912 1072 vexatum
941 1013 1064 1072 inferius

35 1098 152 1158 subierit.
197 1120 233 1158 ex
257 1119 315 1176 qua
337 1121 369 1158 re
391 1101 466 1159 haec
484 1120 554 1160 cura
573 1101 728 1178 contingit.
769 1102 815 1160 his
835 1121 917 1160 ossus
936 1105 1064 1177 curatur,

63 1190 91 1244 ut
112 1188 215 1258 eadat,
242 1189 291 1247 vel
314 1190 463 1248 asaroticu
490 1193 572 1248 utere
600 1190 656 1248 vel·
677 1190 763 1248 calda
792 1191 919 1250 ferventi
947 1191 1063 1249 assidue

64 1281 165 1352 curato,
190 1277 284 1336 donec
306 1296 336 1336 se
360 1279 455 1336 omnis
482 1297 549 1337 curo
577 1279 673 1353 putris
700 1282 842 1356 repurget
869 1283 898 1337 et
926 1279 978 1338 fiet
1000 1280 1064 1338 vul-

63 1383 109 1422 nus
132 1366 273 1424 curabile.
320 1367 398 1442 quod
425 1366 542 1426 curabis
569 1367 747 1426 traumatico
776 1370 806 1424 et
833 1368 1063 1441 medicamentiS,

65 1453 161 1526 quibus
180 1457 301 1530 oportet
318 1474 421 1514 curare
439 1456 563 1514 vulnera
582 1456 735 1514 sanabilia.
773 1458 874 1515 curato
893 1477 947 1532 per
963 1458 1063 1533 plures

36 1561 53 1600 15
65 1542 125 1601 dies.
169 1545 228 1602 hoc
257 1543 344 1602 modo
375 1563 479 1603 sanum
508 1545 567 1602 fiet.
621 1547 651 1602 et
680 1545 777 1602 cetera
808 1544 921 1620 omnia,
951 1547 1003 1620 qui
1032 1547 1064 1603 in

64 1631 179 1704 pedibus
203 1633 373 1710 contingere
397 1634 481 1707 solet,
503 1652 563 1690 una
585 1633 701 1690 ratione
725 1634 873 1691 curantur.

120 1721 228 1778 LXXX
266 1721 465 1797 Quodcunque
501 1723 666 1780 iumentum
702 1721 739 1778 ab
777 1723 903 1780 stercore
936 1722 1060 1797 equalis,
1080 1724 1139 1780 698

66 1808 134 1880 quod
164 1810 276 1867 fernum
305 1813 441 1886 vocatur,
480 1810 683 1869 collectionem
719 1810 750 1867 in
780 1809 923 1887 ungulam
952 1810 1064 1885 fecerit,

65 1895 192 1955 famicem
216 1898 295 1972 quod
318 1898 503 1973 appellamus
526 1899 608 1976 femi,
636 1898 684 1956 vel
708 1898 732 1956 si
756 1898 873 1957 clavum
895 1899 1063 1974 calcaverit,

37 1983 101 2042 asic
121 1986 274 2063 intelligis.
320 1988 460 2062 prodiens
489 2006 576 2062 super
604 1988 694 2061 caput
723 1987 853 2064 ungulae
883 1987 1010 2054 calcabit
1033 1991 1063 2046 et

65 2073 160 2144 pedem
183 2075 300 2133 assidue
324 2094 341 2133 a
364 2079 444 2134 terra
468 2075 633 2150 suspendit,
661 2075 742 2134 cinus
765 2075 878 2153 ungula
900 2077 1063 2136 ferventem

64 2159 195 2222 invenies.
241 2163 357 2223 curabis
380 2165 408 2222 ei
436 2163 576 2240 scalpello
605 2164 737 2222 famicali
759 2166 902 2241 ungulam
922 2166 1062 2224 dealbare

66 2253 89 2306 et
116 2252 215 2310 omnia
244 2253 372 2329 vestigia
402 2271 508 2312 causae
538 2253 575 2311 ab
605 2255 731 2311 stercore
758 2253 806 2312 vel
836 2254 913 2313 olavi
935 2255 1063 2332 vestigia

66 2339 197 2414 scalpello
229 2340 417 2417 elimpidare,
447 2343 540 2400 donec
568 2341 723 2416 pervenias
754 2342 791 2399 ad
814 2343 973 2420 vestigium
1003 2343 1062 2402 col-

37 2445 54 2484 a
65 2424 200 2487 lectionis.
245 2448 335 2504 quam
358 2449 424 2489 cum
446 2430 602 2505 inveneriS,
625 2429 828 2488 collectionem
852 2450 917 2489 eam
940 2431 1062 2505 aperies,
1081 2432 1138 2488 619

65 2517 93 2572 ut
110 2518 204 2576 omnis
227 2518 333 2577 humor
356 2539 391 2576 er
414 2537 503 2577 causa
530 2519 616 2593 fluat,
643 2521 673 2576 et
703 2539 738 2576 ex
768 2521 851 2577 aceto
883 2521 912 2576 et
942 2520 1007 2577 oleo
1032 2522 1062 2576 et

64 2601 157 2664 licinio
172 2608 251 2665 etex
269 2607 376 2681 pannis
394 2607 521 2665 madidis
540 2607 732 2666 calciaturam
750 2607 840 2665 facies
855 2609 885 2664 et
903 2607 1061 2665 fasciatum

65 2692 161 2763 pedem
183 2695 331 2755 calciabis.
372 2698 441 2770 post
463 2696 561 2754 triduo
584 2695 762 2754 traumatico
782 2697 893 2754 curato.
936 2696 1060 2770 septim0

65 2779 105 2838 die
128 2802 243 2842 omnem
271 2773 461 2862 pendiginem
488 2784 617 2862 ungulae
647 2783 827 2858 elimpidato
873 2785 974 2842 curato
998 2787 1062 2841 tam

36 2885 55 2922 ec
66 2867 122 2945 diu,
154 2871 245 2930 donec
276 2873 383 2932 vulnus
416 2873 532 2931 callicia
563 2872 783 2947 praeduruerit,
816 2874 845 2929 et
877 2872 1002 2930 calciato
1030 2873 1061 2930 et

65 2955 199 3018 duramen
212 2961 365 3036 imponite.
398 2980 503 3020 sanum
524 2961 583 3020 fiet.
617 2960 702 3019 etad
721 2961 923 3018 contusionem
943 2960 1061 3036 quidem

67 3044 193 3106 similiter
212 3049 346 3108 collectio
369 3051 401 3107 in
423 3050 536 3127 ungula
558 3050 698 3124 nascitur,
722 3049 772 3106 sed
795 3049 937 3126 grandem
960 3067 1062 3107 curam

130 3294 146 3340 4
163 3307 247 3359 sapora
262 3295 317 3345 630
335 3291 344 3359 ΙΙ
363 3289 520 3359 opervenia
537 3290 546 3357 ΙΙ
565 3294 580 3340 7
599 3305 685 3356 seqora
704 3293 761 3343 688
774 3291 783 3356 Ι]
798 3295 829 3342 11
851 3289 1004 3344 astaroticu
1022 3291 1063 3344 cel

68 3360 213 3414 ascaroticu
232 3362 288 3416 eod.
304 3363 360 3430 1111
380 3377 458 3414 cura:
478 3377 545 3414 corr.
561 3359 776 3429 Β111810100111
791 3386 825 3405 =
838 3361 933 3414 fimum
947 3365 955 3428 ΙΙ
971 3366 1003 3414 19
1022 3361 1062 3414 fe-

70 3427 118 3480 nici
138 3432 147 3498 ll
168 3431 342 3486 1000100011
363 3433 373 3500 ΙΙ
400 3437 432 3484 11
453 3430 582 3485 delevere
600 3431 640 3484 cel
659 3430 805 3484 decalvare
824 3433 860 3500 B,
879 3433 912 3500 cf.
932 3449 1017 3501 supra
1031 3450 1060 3501 p.

70 3499 189 3572 2011011
204 3508 237 3556 17
257 3502 428 3556 calcaturam
442 3503 450 3570 ΙΙ
465 3507 498 3555 19
518 3499 665 3570 elimpidat
