2512 3906
257 151 540 208 MULOMEDICINA
558 150 728 208 CHIRONIS
749 157 853 205 17-19
1038 151 1059 215 9

69 303 157 379 morbi,
179 306 208 362 et
231 324 266 372 ex
285 303 392 379 quibus
410 303 484 362 locis
503 302 624 380 sanguis
647 302 744 361 emitti
768 301 881 363 debeat.
918 302 1062 362 morbidis

71 395 94 450 et
123 392 340 468 quibuscunque
377 393 476 451 totum
516 409 623 466 corpus
659 409 749 450 causa
785 391 923 450 similiter
959 391 1063 467 aliqua

70 480 218 556 possiderit,
241 481 276 540 de
295 481 419 540 matrice
437 480 559 557 sanguis
578 480 694 538 detrahi
713 479 808 555 debet,
832 480 909 538 sicut
927 481 1062 556 superius

71 570 261 629 demonstravi.
308 569 522 647 cephalargicis
557 572 588 628 et
614 568 773 628 tentinaris
800 569 995 644 praecipitur,
1026 572 1063 628 ot

52 658 98 716 ade
122 659 318 718 auricularum
344 658 428 718 venis
458 658 580 735 sanguis
610 657 785 717 detrahitur.
830 677 933 717 verum
961 660 1062 716 tamen

70 747 160 806 nebus
182 750 235 823 cst,
266 751 302 806 ut
325 747 360 806 de
387 747 582 823 temporibus,
615 765 691 822 quae
719 749 788 804 sunt
816 746 919 804 dextra
942 746 1063 805 sinistra

72 836 102 893 ad
120 837 195 895 latus
218 837 372 896 oculorum
396 836 449 895 sub
473 839 615 895 cavatina
643 838 810 911 temporum
836 835 931 894 tribus
959 835 1062 912 digitis

71 924 101 982 ab
120 925 200 984 oculo
223 925 409 1001 interpositis
431 924 555 984 inferius
583 943 673 1000 quam
695 925 757 985 hos.
804 942 856 983 suo
887 923 965 982 enim
988 926 1062 982 tem-
1081 923 1119 976 lr

72 1032 162 1088 porum
186 1014 229 1073 ibi
255 1033 332 1074 vena
360 1013 460 1090 posita
488 1014 619 1073 bifurcio.
666 1013 804 1072 similiter
826 1013 862 1071 de
885 1013 959 1088 ipsis
980 1012 1064 1070 venis

45 1102 163 1161 rodextra
184 1103 306 1162 sinistra
327 1103 410 1162 mitti
429 1101 516 1162 debet
539 1106 569 1161 et
590 1103 651 1177 his,
679 1104 732 1177 qui
753 1102 833 1160 infra
855 1101 959 1177 scripti
982 1103 1064 1160 sunt:

72 1191 170 1267 apioso‚
200 1192 322 1267 insano,
349 1191 501 1267 cardiace,
529 1190 654 1266 caduco,
686 1191 843 1266 frenetico,
871 1189 1063 1266 distentiosia

72 1279 237 1357 aduecticio,
264 1280 392 1340 rabioso.
438 1281 613 1340 suffusiones
636 1279 789 1339 oculorum
817 1281 847 1338 et
869 1279 959 1354 vitia,
987 1296 1063 1355 quae

72 1369 206 1448 accedunt,
230 1369 409 1447 mitigantur
434 1389 489 1445 per
510 1369 666 1427 inferiores
693 1386 785 1427 venas
811 1369 865 1427 aab
896 1367 989 1427 oculis
1011 1386 1064 1443 po·

71 1457 142 1533 sitas,
168 1477 244 1534 quae
268 1458 449 1518 descendunt
476 1457 514 1516 ab
548 1457 666 1535 angulis
693 1456 885 1516 interioribus
912 1457 1065 1516 oculorum

44 1559 63 1598 15
73 1550 185 1620 quatuor
207 1547 312 1625 digitis
333 1547 458 1606 inferius
482 1565 572 1622 quam
595 1546 704 1606 oculos.
741 1545 782 1604 ibi
803 1545 845 1604 eis
862 1564 955 1605 venae
973 1544 1064 1604 flobo·

71 1636 137 1694 tomo
158 1636 409 1695 intercaeduntur.

123 1725 167 1783 111
199 1725 313 1795 Quibus
348 1724 504 1783 fastidium
540 1723 598 1782 erit
634 1725 687 1781 aut
722 1722 855 1781 faucium
891 1740 981 1781 causa
1016 1722 1065 1780 vel
1084 1721 1122 1776 18

70 1813 231 1872 citeriorum
253 1817 354 1873 tumor
376 1814 425 1873 vel
447 1813 582 1872 oneratio
605 1811 726 1887 capitis,
754 1812 790 1870 da
817 1811 920 1887 palato
945 1810 1066 1888 sanguis

70 1900 170 1962 detrahi
209 1903 305 1962 debet.
365 1902 471 1978 quibus
503 1901 605 1977 pulmo
637 1901 669 1959 in
705 1900 802 1960 causis
839 1899 897 1958 erit
928 1901 959 1958 et
984 1901 1066 1958 icem

43 1995 112 2048 aaut
139 1991 211 2051 haec
243 1995 270 2051 ei
300 1991 412 2066 vicina,
451 1991 486 2049 de
518 1993 637 2066 pectore
669 1988 823 2066 sanguinis
853 1988 1067 2048 detractionem

69 2077 121 2137 fieri
142 2081 320 2139 desiderant
367 2098 442 2156 quae
465 2098 557 2138 cenae
585 2078 701 2154 positae
724 2081 793 2137 sunt
820 2077 924 2137 dextra
947 2077 1067 2136 sinistra

69 2166 130 2228 soria
150 2188 240 2245 quam
263 2169 413 2228 musculos
435 2168 577 2244 pectoris,
607 2186 698 2242 supra
719 2166 873 2226 brachiola
895 2166 1067 2244 iunguntur,

70 2273 117 2330 quo
138 2258 203 2318 loco
222 2258 366 2317 flexuram
389 2257 524 2316 admittit
545 2260 649 2332 pectus
671 2255 811 2331 plicandi.
849 2255 885 2313 de
903 2255 976 2331 ipsis
994 2255 1067 2315 locis
1087 2252 1124 2308 la

70 2363 199 2405 venarum
223 2347 346 2424 sanguis
370 2365 388 2405 a
410 2349 514 2422 pectus
537 2345 704 2404 detrahitur
726 2345 761 2402 de
785 2344 910 2422 sagitta,
934 2345 1011 2403 sicut
1032 2345 1067 2401 de

43 2435 248 2510 compuribus.
270 2433 275 2508 Ι
296 2435 403 2511 quibua
426 2453 545 2494 armora
566 2435 599 2492 in
621 2433 718 2492 causis
741 2436 828 2492 erunt
850 2435 881 2492 et
904 2433 1071 2509 oretictiois‚
1096 2433 1207 2492 105'a

73 2519 101 2579 de
118 2523 275 2584 brachiolis
299 2524 420 2601 sanguis
443 2523 616 2582 detrahitur.
657 2541 732 2596 quae
751 2540 843 2581 venae
865 2522 981 2597 positae
1000 2524 1069 2581 sunt

73 2608 273 2672 inbrachioiis
296 2612 399 2671 dextra
422 2612 543 2671 sinistra
566 2611 742 2686 abinterius‚
769 2610 822 2670 ubi
850 2611 980 2669 centriae
1002 2609 1068 2668 bra·

74 2697 204 2761 cbiolares
237 2705 319 2777 sunt,
350 2701 458 2777 positis
489 2718 540 2760 ser
572 2700 675 2778 digitis
707 2699 842 2775 superius
869 2717 959 2775 quam
983 2715 1069 2773 peno,

73 2784 112 2844 111
139 2791 186 2849 vet
216 2791 248 2850 H
280 2789 383 2868 digitis
413 2791 539 2863 iuferius
576 2807 666 2864 quam
697 2789 833 2847 centrias.
877 2789 951 2846 haec
976 2804 1068 2846 venae

132 2941 326 2997 ttentinaris:
351 2939 481 2995 distentis
505 2940 566 3011 ch.
597 2942 601 3009 Ι
631 2941 693 2996 aut:
712 2956 780 2994 corr.
800 2939 841 3006 Β,
861 2939 956 2991 autem
978 2937 1041 3006 ch.

75 3011 87 3058 6
102 3008 262 3082 timporibus
285 3015 294 3082 Ι
318 3012 484 3066 icebatura
502 3009 655 3080 timporum
674 3013 684 3081 ΙΙ
707 3015 722 3063 9
737 3009 768 3064 in
780 3008 870 3063 turcio
890 3010 900 3078 Ι
922 3013 955 3061 10
969 3025 1042 3076 quae

75 3083 101 3130 11
120 3089 178 3138 arae
200 3083 299 3138 insano
320 3089 427 3152 etpost
449 3081 555 3136 caduco
579 3083 653 3137 liaeo
677 3087 764 3146 recto,
788 3081 822 3147 of.
849 3081 886 3133 od
908 3095 937 3148 ρ.
964 3083 993 3145 8,
1006 3083 1042 3134 15
1061 3081 1066 3148 Ι

75 3147 240 3208 distensionis
266 3156 276 3224 Ι
303 3159 336 3207 13
356 3152 408 3207 sub
432 3154 508 3224 ch:
528 3153 564 3207 ab
591 3155 601 3223 Ι
629 3158 661 3206 15
680 3149 856 3224 qualmoculo
876 3148 942 3206 sibi:
967 3151 1015 3218 cic,
1033 3151 1068 3218 cf.

76 3220 106 3273 ad
118 3222 134 3277 t.
147 3228 178 3278 11
195 3226 199 3296 Ι
213 3225 365 3280 flebotomo
380 3251 413 3270 =
429 3222 589 3298 φλεβοτόμῳ
608 3225 619 3294 ΙΙ
636 3228 670 3276 16
688 3221 899 3277 interceduntur
915 3223 926 3291 Ι
950 3226 981 3274 17
1006 3222 1068 3292 ch.

77 3289 94 3340 Ι
105 3295 192 3366 25,3Ι
207 3301 238 3349 19
257 3313 294 3366 eq.
310 3298 339 3350 et
358 3298 486 3350 occurrat
503 3295 555 3350 hec
569 3295 644 3350 enim
657 3293 745 3348 vicia:
764 3309 831 3347 corr.
851 3292 913 3363 ch.
928 3295 937 3363 Ι
952 3298 984 3347 21
997 3309 1070 3361 quac

77 3356 139 3416 bene
155 3365 245 3435 posita
257 3371 267 3436 Ι
281 3373 314 3422 25
331 3365 506 3449 temporibus
523 3367 564 3448 sic
578 3369 588 3448 ¹.
599 3381 723 3420 armore:
743 3362 814 3417 armi
833 3364 895 3434 ch.
912 3365 916 3436 Ι
933 3362 1071 3488 οτθῐίῑὶὶὶΙΙ

79 3433 107 3482 26
123 3433 257 3508 bene1128
277 3439 605 3508 posrtrs=rnterpos1t1a
626 3439 630 3507 Ι
651 3451 697 3490 ex:
719 3451 787 3490 corr.
807 3436 869 3507 ch.
886 3436 890 3506 Ι
910 3451 985 3505 genu
1063 3477 1069 3488 .

82 3499 137 3573 ch.
149 3508 158 3575 ΙΙ
170 3513 200 3562 29
217 3508 333 3564 interium
352 3510 416 3564 add.
441 3510 502 3579 ch.
519 3511 524 3580 Ι
539 3509 591 3562 hec
