2470 3902
189 147 230 210 78
376 146 657 204 MULOMEDICINA
676 147 846 204 cfllaorus
865 153 1006 202 aus-264

66 299 168 358 119111
186 298 381 373 persequitur.
421 298 446 356 si
473 318 527 373 per
554 298 645 356 aliam
667 300 785 374 pentem
807 299 937 356 tenueris
958 293 962 376 Ι
984 319 1051 356 eum
1075 299 1115 356 ad
1137 318 1187 357 am-

186 386 349 445 bulandum
367 388 481 463 ducere,
499 386 618 446 facilius
637 390 778 462 seqnitur.
809 387 859 446 1110
877 387 934 446 erit
952 406 1068 463 semper
1087 388 1186 446 habens
1226 451 1227 456 1

185 475 333 550 pabulam.
383 477 416 534 in
443 476 656 534 ambulandum
687 495 748 535 non
780 477 888 535 sentiet
919 477 1055 554 plagam,
1090 477 1140 552 qui
1164 479 1187 534 et
1226 513 1227 546 ;

186 564 405 623 ambulaturam
437 583 522 624 snam
552 565 660 640 perdit.
706 564 872 623 ambulabit
903 583 1020 640 semper
1051 565 1185 624 submisso
1226 601 1227 630 ÷

185 654 296 728 eapite,
332 672 422 728 quam
455 655 506 712 vix
538 673 556 712 a
586 657 668 712 terra
699 653 848 714 allevabit
900 655 951 712 sed
979 657 1005 712 si
1038 673 1109 714 enm
1137 657 1186 714 sta-
1204 671 1227 725 ⁵1

183 745 267 801 tuere
289 743 384 818 voles,
408 743 673 818 quomodocunque
695 743 826 817 steterit,
849 746 880 801 et
902 743 928 801 si
950 743 1125 802 cancellatis
1145 763 1186 818 pe·
1226 761 1227 816 3

184 831 269 890 dibus
292 832 340 891 vel
363 833 500 906 extensio,
522 850 582 890 non
602 834 751 891 semovet
773 832 831 890 nisi
854 831 1025 906 difficiliter,
1049 833 1136 907 quasi
1156 832 1185 888 de
1226 901 1227 904 Ἴ

184 939 287 979 somno
306 923 490 996 experrectus
508 921 665 980 videbitur.
702 921 751 979 hic
774 923 805 978 et
822 921 920 979 minus
942 921 1052 979 uiderit
1081 939 1186 996 semper
1226 961 1227 995 ,

107 1009 285 1068 2620111010
315 1028 436 1084 corpure
465 1012 495 1067 et
524 1027 621 1068 sanus.
668 1010 719 1084 qui
742 1028 796 1067 1100
819 1009 916 1068 cibum
939 1029 993 1068 nec
1015 1011 1124 1084 potum
1148 1030 1185 1066 re-

184 1101 275 1158 cusat.
314 1098 393 1173 quod
411 1100 457 1156 est
474 1098 607 1157 insaniae
625 1117 727 1176 genus,
751 1098 834 1157 ouius
853 1099 967 1156 curatio
989 1097 1123 1162 difficilis
1139 1102 1184 1156 est.
1195 1113 1227 1174 u,

184 1205 272 1262 quem
290 1187 332 1244 sic
351 1205 452 1244 curare
472 1187 574 1245 volens
593 1186 710 1246 curabis
729 1206 797 1245 eum
815 1186 907 1262 cyclo.
945 1186 1109 1246 difficiliter
1125 1189 1186 1262 post
1225 1209 1227 1264 j

184 1294 285 1334 curam
312 1275 351 1332 ad
377 1277 579 1334 sinceritatem
605 1276 713 1334 mentis
740 1276 850 1334 reverti
877 1278 1010 1351 possunt.
1057 1276 1186 1335 omnibns
1226 1347 1227 1353 ἵ

183 1366 284 1422 antem
306 1364 521 1423 valitudinibns
545 1383 566 1424 s.
586 1383 608 1423 s.
630 1365 783 1442 sanguinis
807 1365 925 1424 emissio
947 1363 984 1422 de
1005 1365 1185 1440 temporibus

181 1453 264 1528 prior
295 1455 352 1529 est,
389 1454 439 1512 sed
476 1458 502 1512 et
532 1455 568 1512 de
603 1453 726 1512 matrice
763 1453 933 1528 aliqnando.
988 1471 1060 1512 cura
1092 1456 1185 1512 antem
1226 1495 1227 1532 3

182 1541 313 1600 omnium
348 1561 442 1618 paene
479 1542 585 1601 similis
620 1542 785 1600 adhibetur.
832 1561 958 1617 quarum
990 1542 1224 1609 valitudinumus

181 1649 252 1689 cura
279 1633 309 1688 et
335 1632 471 1708 potiones
502 1631 627 1708 singulis
659 1631 799 1706 capitulis
831 1632 891 1690 suis
918 1631 1042 1690 inferius
1074 1631 1186 1690 demon·
1219 1618 1227 1711 7,

181 1721 300 1778 stratur.
351 1766 353 1772 .
1220 1725 1227 1770 ἶ

104 1808 161 1864 263
246 1809 289 1867 XI
320 1809 365 1868 De
381 1800 513 1868 'nembro
542 1811 698 1868 commoto.
743 1809 768 1866 si
802 1808 881 1884 qnod
908 1809 1075 1866 iumentum
1113 1827 1185 1868 cere-

180 1897 858 1973 111111110011111010111,11101110111110110011010
881 1897 947 1955 erit.
993 1898 1080 1974 signa
1103 1901 1184 1956 amnt
1220 1925 1221 1928 ¹

180 1986 260 2044 haec.
293 2004 402 2061 pravus
421 1987 588 2045 ambulabit
606 1989 636 2045 et
653 1986 778 2061 pedibus
796 1985 919 2045 subinde
934 1985 1066 2044 offendit.
1100 1986 1182 2044 simul
1193 1985 1227 2064 u,

180 2075 205 2132 si
228 2074 350 2152 iungere
373 2095 440 2132 eum
463 2076 544 2135 voles
572 2078 602 2134 et
625 2075 687 2133 eius
711 2077 801 2151 caput
828 2075 854 2133 si
877 2075 1044 2142 strinxeris,
1073 2075 1184 2134 validus

180 2162 234 2221 sub
252 2164 322 2240 ingo
342 2164 434 2222 cadet.
467 2165 510 2222 sic
528 2183 595 2222 eum
613 2164 737 2223 curabis
770 2165 875 2222 baccas
893 2164 971 2222 lauri
989 2182 1112 2222 numero
1127 2164 1184 2238 XX,

179 2251 303 2310 nitrium
320 2270 342 2332 p
362 2253 457 2328 semis,
477 2256 564 2312 rutae
587 2253 781 2329 manipulum,
804 2252 904 2312 omnia
926 2253 1001 2311 haec
1023 2253 1099 2311 bene
1115 2253 1185 2310 trita
1226 2302 1227 2334 ,

180 2359 246 2398 oum
269 2344 353 2400 aceto
377 2359 446 2400 acro
471 2344 503 2400 et
525 2342 590 2400 0100
613 2360 733 2400 rosaceo
757 2342 879 2418 optimo.
925 2361 960 2399 ex
982 2341 1029 2400 his
1052 2342 1183 2400 omnibus

178 2430 351 2504 praemixtis
369 2431 526 2508 penmgibo
546 2434 636 2507 caput
653 2431 716 2490 eius
735 2434 765 2490 et
782 2430 941 2505 cerebrum,
965 2434 996 2489 et
1012 2430 1093 2489 inter
1109 2430 1183 2488 auri·
1193 2443 1227 2484 11,

179 2519 260 2577 culae
287 2519 433 2594 imponito
465 2520 625 2579 crebellare
657 2520 693 2578 de
725 2520 803 2594 pelle
835 2520 939 2578 lanata
971 2521 1024 2577 aut
1055 2538 1183 2594 pannum
1226 2565 1227 2598 3

103 2607 160 2664 261
179 2607 324 2667 similiter.
361 2608 386 2666 si
404 2608 477 2667 haec
495 2626 555 2667 non
573 2608 720 2682 habueris,
740 2608 848 2667 sumito
867 2608 996 2666 farinam
1015 2608 1182 2667 ordeaceum
1226 2655 1227 2690 ,

178 2700 209 2756 et
230 2697 368 2775 resinam,
392 2717 479 2756 exeo
499 2698 684 2773 cataplasma
705 2697 851 2773 imponito
874 2697 906 2754 in
925 2697 1053 2757 cerebro.
1090 2697 1182 2756 011100
1226 2735 1227 2752 1

177 2785 233 2844 hoc
255 2786 403 2862 habueris,
425 2790 557 2846 cerotum
579 2786 671 2845 facito
688 2783 743 2862 [et]
766 2807 801 2844 ex
819 2787 884 2844 oleo
904 2784 1025 2862 Ciprino
1054 2788 1084 2844 et
1106 2804 1181 2844 cero-

177 2877 242 2933 tum
260 2875 292 2932 in
310 2874 434 2934 linteolo
452 2875 585 2934 inducito
610 2878 640 2934 et
658 2875 803 2950 imponito
827 2875 907 2933 inter
924 2875 1082 2933 auriculas.
1115 2874 1179 2932 reli·
1191 2888 1214 2928 u

178 2983 269 3038 quum
297 2983 402 3039 corpus
429 2964 600 3040 potionibus
628 2963 743 3023 curabis
771 2964 820 3022 sic.
866 2981 988 3022 cancros
1019 2963 1181 3022 fluviaticos

250 3157 263 3204 1
292 3168 330 3221 sq.
358 3151 396 3204 ad
428 3149 630 3204 ambulandum
660 3151 761 3204 ducere
790 3151 841 3204 del.
870 3150 898 3204 B
922 3157 1061 3220 tamqnam
1091 3149 1180 3204 διττόν

177 3239 210 3276 ecc
224 3240 254 3290 p.
275 3226 320 3290 77,
329 3225 363 3276 31
378 3227 417 3290 112
441 3227 490 3290 seq
510 3222 569 3292 0101
585 3222 704 3276 habens:
733 3237 819 3276 avens
847 3221 885 3274 M
888 3245 894 3288 ;
925 3237 1021 3275 amens
1046 3220 1179 3291 pabulans

177 3295 205 3346 B
222 3293 233 3365 ΙΙ
257 3291 431 3362 3pabulans
453 3294 463 3363 11
488 3292 563 3346 bein
587 3294 597 3362 ΙΙ
626 3295 804 3362 Sexpertus:
829 3309 897 3346 corr.
922 3293 950 3346 B
979 3294 989 3363 11
1018 3294 1151 3347 90111010
1175 3293 1178 3358 i

177 3379 278 3418 vanus:
301 3380 369 3418 corr.
389 3364 416 3416 B
443 3367 452 3432 ΙΙ
480 3368 514 3416 10
532 3362 644 3417 insania
671 3367 680 3428 ΙΙ
708 3370 739 3415 11
760 3363 1041 3418 sicurarevolesB
1067 3367 1077 3433 ΙΙ
1104 3369 1138 3417 14
1155 3364 1181 3415 et

177 3434 240 3488 add.
265 3433 328 3557 11759.
350 3434 412 3506 1118
440 3434 502 3504 ch.
525 3435 582 3488 III
601 3437 635 3502 7,·
658 3434 694 3488 Η
707 3437 772 3502 251,
793 3439 826 3501 ὃς
851 3435 945 3506 Pelap.
971 3439 1008 3490 50
1034 3435 1044 3506 11
1066 3441 1101 3488 24
1128 3451 1180 3487 non

177 3520 242 3558 acro
297 3521 334 3573 ep.
