2512 3906
209 151 256 215 46
399 151 682 206 MULOMEDIOINA
700 152 870 207 omacius
890 159 1030 207 rea-149

207 305 321 360 morsus
345 301 493 377 subducit,
525 305 607 361 totns
629 306 755 380 gravato
778 321 900 379 corpore
928 307 1010 362 stans
1039 304 1071 362 in
1099 304 1206 380 obliquo

208 409 263 449 nee
276 393 367 466 capnt
385 409 470 449 suurn
488 394 608 466 portare
622 394 728 467 potest.
756 392 826 451 huie
843 393 956 469 lingua,
974 393 1066 468 labia,
1083 393 1205 470 palatum

207 479 280 538 licet
307 482 338 538 et
366 498 399 538 os
426 482 513 555 putet
539 483 570 539 et
600 481 726 539 testibus
758 481 879 540 deiectis
912 482 980 557 erit,
1013 482 1155 540 anhelans
1181 485 1205 539 et

208 568 359 643 suspirans
387 569 531 646 graviter,
565 589 662 646 genua
694 569 859 647 subagitat,
890 588 965 629 aeaa
996 571 1140 646 posterini
1165 589 1203 628 cu-

206 657 302 715 bitum
324 657 437 716 sinistri
459 658 563 716 lateris
586 662 616 716 et
638 677 690 717 cor
712 659 811 717 crebre
835 659 957 736 saliens,
983 659 1030 718 cui
1053 660 1147 718 cauda
1167 668 1233 716 sol

131 743 187 800 147
205 746 271 804 luta
283 747 473 822 praepandet,
492 765 566 805 anus
584 747 729 807 introrsus
748 747 834 825 fugit.
863 748 942 823 quod
959 748 1042 823 prius
1055 748 1204 824 intelligas,

206 834 253 893 cui
272 853 389 894 muscae
408 836 519 894 multae
543 854 631 911 super
652 838 754 913 tergus
776 836 914 895 insident.
951 836 1012 894 iam
1029 837 1121 895 habet
1138 837 1203 894 enim

206 927 237 982 et
259 923 421 982 alienatam
444 926 581 983 mentem.
617 925 721 983 mortis
745 925 831 1002 signa
854 926 1046 986 demonstrat
1082 926 1130 984 hic
1154 929 1203 983 tar·
1237 945 1238 974 ³

206 1012 272 1071 dius
285 1012 459 1090 ingreditur.
493 1013 518 1070 si
532 1032 599 1070 eum
613 1013 774 1088 producere
788 1014 878 1089 voles,
893 1014 1016 1092 genibus
1031 1017 1062 1072 et
1075 1013 1203 1072 musculis

205 1105 334 1160 tremens
352 1101 478 1178 prodiet,
498 1101 660 1160 subnotans
677 1104 742 1161 toto
757 1121 889 1178 corpore,
906 1103 990 1162 nulla
1003 1123 1035 1160 re
1049 1103 1201 1174 intendens,
1212 1113 1231 1152 ll

207 1190 258 1266 qui
279 1207 332 1248 aec
354 1188 451 1248 cibum
474 1209 528 1248 neo
550 1194 654 1264 potum
677 1191 801 1266 appetit.
837 1192 929 1250 talem
953 1211 1022 1268 ergo
1046 1191 1201 1267 desperato.

66 1277 247 1341 113'2148
310 1278 341 1336 H
360 1295 504 1337 camonis
523 1295 686 1338 onnrnunr.
724 1279 834 1338 coac=tio
853 1282 899 1338 est
918 1280 923 1355 1
943 1280 1064 1338 inimica
1082 1280 1201 1356 corporis

205 1367 405 1426 iumentorum
432 1369 463 1425 et
489 1367 651 1426 multarum
677 1368 877 1427 valitudinum
903 1371 1012 1444 mater,
1042 1389 1097 1445 per
1124 1387 1202 1444 quam

206 1456 299 1515 totius
326 1456 456 1531 corporis
483 1457 611 1532 coactio,
638 1457 739 1516 idest
767 1457 953 1533 consumptio
976 1458 1118 1516 nascitur.
1159 1475 1203 1532 per

121 1575 123 1582 ·
206 1545 327 1622 longam
350 1545 603 1604 continuationem
628 1545 745 1604 itineris
775 1548 806 1604 et
834 1546 957 1620 laboris,
984 1566 1038 1621 per
1060 1545 1230 1623 indigesti-¹⁵

207 1653 293 1693 onem
306 1639 358 1692 aat
370 1634 493 1692 nimiam
506 1635 614 1692 famem
626 1635 735 1693 macies
750 1637 781 1693 et
799 1634 921 1693 sintexis
935 1635 1076 1693 nascitur.
1106 1655 1140 1693 ex
1152 1651 1202 1709 qua

205 1743 238 1782 re
252 1722 400 1799 contingit
413 1724 511 1781 cutem
528 1723 561 1780 in
575 1742 696 1798 corpore
710 1723 889 1783 strictiorem
906 1723 978 1798 fieri,
1002 1726 1033 1781 ct
1050 1723 1130 1799 pilus
1147 1724 1203 1780 hor-

205 1811 299 1870 ridior
321 1811 360 1869 ad
383 1814 479 1871 costas
503 1812 670 1871 cohaerens.
705 1812 784 1870 unde
808 1814 839 1871 et
860 1812 944 1871 nervi
966 1811 1060 1871 totius
1084 1811 1202 1887 corporis

206 1901 449 1978 constringimtur
471 1920 506 1958 ex
528 1901 593 1975 ipso
616 1901 730 1975 labore,
754 1921 789 1960 ex
813 1918 870 1976 quo
894 1902 925 1958 et
946 1902 1084 1977 tempora
1107 1902 1202 1960 cavata

205 1989 281 2047 fiunt
312 1991 343 2048 et
379 1989 457 2048 oculi
493 1989 632 2064 depressi.
690 1990 739 2048 cui
775 1989 922 2066 contingit
952 2009 1006 2066 per
1042 1989 1231 2049 sanctuario

206 2079 307 2154 tergus
344 2077 506 2136 difficiliter
540 2078 671 2136 reddere.
726 2097 762 2137 ex
793 2097 852 2154 qua
888 2096 978 2138 causa
1010 2078 1047 2137 de
1079 2078 1201 2138 folliculo

131 2165 189 2223 149
207 2166 325 2224 urinam
346 2165 461 2224 faciunt
484 2168 515 2225 et
536 2166 698 2225 difficiliter
720 2167 844 2226 tolutat.
887 2185 954 2226 cum
977 2167 1055 2225 enim
1079 2170 1202 2226 coactum

205 2255 370 2313 iumentum
391 2255 497 2313 itinere
520 2255 569 2313 vel
596 2255 697 2314 labore
723 2254 859 2331 plurimis
888 2256 990 2314 dicbus
1014 2256 1202 2334 defatigatum

204 2361 265 2402 non
286 2343 364 2402 bibit
386 2346 520 2402 autnon
543 2343 637 2402 edidit
659 2344 708 2404 vel
731 2344 881 2404 aestuavit
903 2347 957 2403 aut
978 2345 1130 2422 perfrixit,
1153 2347 1201 2402 sta·
1238 2379 1239 2382 =

204 2432 261 2490 tim
282 2431 375 2490 totius
399 2433 530 2508 corporis
553 2451 697 2510 compago
724 2435 755 2492 et
781 2433 957 2492 interiorum
984 2433 1138 2509 dispositio
1158 2437 1230 2508 pert

203 2520 413 2598 fatigationem
431 2521 554 2580 nimiam
576 2521 710 2580 invalida
727 2521 780 2581 fiet
798 2541 833 2580 er
855 2521 1061 2580 imbecillitate
1081 2523 1202 2582 omnium

203 2610 413 2687 membrorum,
442 2629 532 2686 quam
560 2611 700 2669 sentiunt.
745 2611 823 2669 unde
850 2629 903 2669 nec
931 2629 1037 2686 corpus
1064 2627 1201 2670 resumam

203 2702 311 2775 potest.
358 2718 434 2774 quae
464 2699 563 2775 passio
594 2700 707 2758 coactio
739 2700 862 2774 dicitur,
892 2699 972 2775 quod
1002 2718 1020 2758 a
1049 2700 1151 2759 labore
1178 2699 1202 2754 et

204 2788 335 2865 cogendo
358 2788 507 2866 contingit
530 2792 559 2847 et
583 2809 617 2847 cx
646 2789 817 2865 primitione
848 2790 879 2846 et
908 2808 942 2847 ex
973 2807 1063 2864 supra
1094 2785 1200 2863 scriptis

203 2876 298 2936 rebus.
343 2877 424 2952 quod
446 2877 472 2936 si
493 2877 608 2938 venerit
631 2877 732 2954 aliqua
755 2895 844 2936 causa
872 2897 907 2935 cx
935 2876 1022 2936 rebus
1052 2876 1113 2953 his,
1143 2876 1229 2952 pluro

203 2966 242 3024 ad
264 2967 429 3026 nocendum
452 2967 603 3025 abundare
620 3011 627 3026 .
642 3011 671 3024 ..

203 3069 334 3076 ——..
357 3071 396 3076 .,.-..
403 3071 413 3075 -

274 3099 383 3170 tligua
396 3102 406 3169 11
420 3105 435 3152 3
450 3099 532 3154 libet:
552 3115 620 3154 corr.
641 3101 679 3153 M
698 3102 708 3169 11
730 3106 747 3153 4
765 3115 869 3181 genua:
890 3101 995 3154 correct
1013 3101 1200 3170 quadamtenus

203 3187 236 3224 ecc
242 3175 296 3225 445
303 3170 531 3240 venaposterinis
541 3169 666 3224 cubitum
676 3169 782 3224 sinistri
792 3169 882 3224 cordis
890 3169 975 3224 variis
983 3171 1112 3240 pulsibus
1123 3168 1199 3224 solide

202 3241 329 3312 pulsabit
342 3244 381 3311 115
399 3241 560 3297 concrebre:
579 3259 646 3296 corr.
663 3243 759 3311 Β1111
779 3257 831 3296 nec
849 3242 947 3295 addidi
960 3244 970 3311 11
987 3247 1018 3294 12
1042 3242 1080 3297 Ve
1100 3242 1157 3297 ,ΙΙ
1167 3237 1198 3306 91

203 3312 331 3380 quaestio
345 3315 354 3381 11
369 3318 403 3366 14
418 3312 547 3369 calcatio:
562 3329 630 3367 corr.
641 3313 679 3366 M
689 3316 699 3383 11
714 3317 746 3366 16
761 3314 795 3380 cf.
811 3313 1008 3382 Ve9.IV1,11
1025 3315 1029 3381 1
1045 3311 1076 3366 in
1100 3310 1199 3384 'gestio-

202 3399 266 3436 nem
281 3383 368 3436 animi
381 3382 464 3436 famis
479 3386 488 3453 11
503 3389 535 3437 17
544 3383 605 3453 pilu
618 3387 628 3454 11
642 3390 674 3437 21
690 3383 818 3438 reddere:
828 3385 847 3436 i.
858 3400 878 3438 e.
893 3384 1003 3438 flectere
1017 3389 1026 3452 11
1040 3389 1074 3437 22
1087 3382 1199 3460 volutat:

203 3479 236 3498 =
256 3456 399 3522 stercorat,
416 3455 451 3520 cf.
467 3453 657 3508 bolutationes
674 3473 703 3523 p.
721 3458 811 3521 43,3o
829 3460 838 3517 11
857 3459 890 3508 25
905 3453 986 3525 diepa
1008 3456 1048 3509 sic
1070 3458 1080 3526 11
1102 3461 1135 3509 29
1152 3469 1199 3524 pn·

202 3522 319 3577 mitione
333 3550 366 3569 =
380 3523 521 3594 pressione
535 3527 590 3594 1131
612 3525 729 3597 (liquet.
749 3542 805 3594 qua
823 3525 874 3598 re>
893 3526 922 3578 B
1238 3549 1239 3572 2
