<?xml version="1.0" encoding="UTF-8"?>
<!DOCTYPE html PUBLIC "-//W3C//DTD XHTML 1.0 Transitional//EN"
    "http://www.w3.org/TR/xhtml1/DTD/xhtml1-transitional.dtd">
<html xmlns="http://www.w3.org/1999/xhtml" xml:lang="en" lang="en">
 <head>
  <title>
</title>
<meta http-equiv="Content-Type" content="text/html;charset=utf-8" />
  <meta name='ocr-system' content='tesseract 3.04.00' />
  <meta name='ocr-capabilities' content='ocr_page ocr_carea ocr_par ocr_line ocrx_word'/>
</head>
<body>
  <div class='ocr_page' id='page_1' title='image "./claudiihermerim03hermgoog_0026.png"; bbox 0 0 2512 3906; ppageno 0'>
   <div class='ocr_carea' id='block_1_1' title="bbox 442 143 1057 199">
    <p class='ocr_par' dir='ltr' id='par_1_1' title="bbox 442 143 1057 199">
     <span class='ocr_line' id='line_1_1' title="bbox 442 143 1057 199; baseline 0 -1"><span class='ocrx_word' id='word_1_1' title='bbox 442 143 654 199; x_wconf 78' lang='lat' dir='ltr'>PRAEFATIO.</span> <span class='ocrx_word' id='word_1_2' title='bbox 994 145 1057 198; x_wconf 89' lang='lat' dir='ltr'>XXI</span> 
     </span>
    </p>
   </div>
   <div class='ocr_carea' id='block_1_2' title="bbox 14 294 1067 3119">
    <p class='ocr_par' dir='ltr' id='par_1_2' title="bbox 66 294 1064 1348">
     <span class='ocr_line' id='line_1_2' title="bbox 68 294 1063 372; baseline 0.002 -20"><span class='ocrx_word' id='word_1_3' title='bbox 68 298 95 354; x_wconf 91' lang='lat' dir='ltr'>ut</span> <span class='ocrx_word' id='word_1_4' title='bbox 113 313 196 372; x_wconf 85' lang='lat' dir='ltr'>saepe</span> <span class='ocrx_word' id='word_1_5' title='bbox 218 295 394 372; x_wconf 75' lang='lat' dir='ltr'>nesciamru,</span> <span class='ocrx_word' id='word_1_6' title='bbox 417 315 477 372; x_wconf 89' lang='lat' dir='ltr'>qua</span> <span class='ocrx_word' id='word_1_7' title='bbox 499 295 615 354; x_wconf 90' lang='lat' dir='ltr'>ratione</span> <span class='ocrx_word' id='word_1_8' title='bbox 638 295 728 353; x_wconf 82' lang='lat' dir='ltr'>uerba</span> <span class='ocrx_word' id='word_1_9' title='bbox 750 294 829 353; x_wconf 90' lang='lat' dir='ltr'>inter</span> <span class='ocrx_word' id='word_1_10' title='bbox 847 313 878 354; x_wconf 91' lang='lat' dir='ltr'>se</span> <span class='ocrx_word' id='word_1_11' title='bbox 897 294 1063 372; x_wconf 86' lang='lat' dir='ltr'>iungamus,</span> 
     </span>
     <span class='ocr_line' id='line_1_3' title="bbox 66 382 1062 460; baseline 0 -18"><span class='ocrx_word' id='word_1_12' title='bbox 66 385 224 459; x_wconf 88' lang='lat' dir='ltr'>praesertim</span> <span class='ocrx_word' id='word_1_13' title='bbox 251 404 319 444; x_wconf 90' lang='lat' dir='ltr'>oum</span> <span class='ocrx_word' id='word_1_14' title='bbox 347 382 443 444; x_wconf 81' lang='lat' dir='ltr'>scriba</span> <span class='ocrx_word' id='word_1_15' title='bbox 468 384 631 444; x_wconf 90' lang='lat' dir='ltr'>sententias</span> <span class='ocrx_word' id='word_1_16' title='bbox 658 401 719 442; x_wconf 91' lang='lat' dir='ltr'>non</span> <span class='ocrx_word' id='word_1_17' title='bbox 745 383 920 442; x_wconf 80' lang='lat' dir='ltr'>distinxerit.</span> <span class='ocrx_word' id='word_1_18' title='bbox 966 403 1062 460; x_wconf 91' lang='lat' dir='ltr'>neque</span> 
     </span>
     <span class='ocr_line' id='line_1_4' title="bbox 68 467 1062 550; baseline 0.001 -19"><span class='ocrx_word' id='word_1_19' title='bbox 68 491 160 548; x_wconf 86' lang='lat' dir='ltr'>parvas</span> <span class='ocrx_word' id='word_1_20' title='bbox 185 475 336 533; x_wconf 87' lang='lat' dir='ltr'>molestias</span> <span class='ocrx_word' id='word_1_21' title='bbox 364 475 508 550; x_wconf 90' lang='lat' dir='ltr'>perpetua</span> <span class='ocrx_word' id='word_1_22' title='bbox 531 491 652 538; x_wconf 86' lang='lat' dir='ltr'>casuum</span> <span class='ocrx_word' id='word_1_23' title='bbox 676 474 708 530; x_wconf 90' lang='lat' dir='ltr'>et</span> <span class='ocrx_word' id='word_1_24' title='bbox 728 491 870 550; x_wconf 83' lang='lat' dir='ltr'><strong>generum</strong></span> <span class='ocrx_word' id='word_1_25' title='bbox 893 467 1062 532; x_wconf 68' lang='lat' dir='ltr'>commixtio</span> 
     </span>
     <span class='ocr_line' id='line_1_5' title="bbox 67 560 1061 639; baseline 0.002 -21"><span class='ocrx_word' id='word_1_26' title='bbox 67 561 218 638; x_wconf 87' lang='lat' dir='ltr'>legentibus</span> <span class='ocrx_word' id='word_1_27' title='bbox 248 563 353 622; x_wconf 74' lang='lat' dir='ltr'>adfert.</span> <span class='ocrx_word' id='word_1_28' title='bbox 405 579 515 639; x_wconf 87' lang='lat' dir='ltr'>magna</span> <span class='ocrx_word' id='word_1_29' title='bbox 544 580 615 622; x_wconf 87' lang='lat' dir='ltr'>vero</span> <span class='ocrx_word' id='word_1_30' title='bbox 644 579 714 638; x_wconf 92' lang='lat' dir='ltr'>pars</span> <span class='ocrx_word' id='word_1_31' title='bbox 741 560 986 620; x_wconf 90' lang='lat' dir='ltr'>Mulomedicinae</span> <span class='ocrx_word' id='word_1_32' title='bbox 1016 563 1061 620; x_wconf 92' lang='lat' dir='ltr'>ita</span> 
     </span>
     <span class='ocr_line' id='line_1_6' title="bbox 67 646 1062 728; baseline 0.001 -20"><span class='ocrx_word' id='word_1_33' title='bbox 67 653 190 726; x_wconf 84' lang='lat' dir='ltr'>corrupta</span> <span class='ocrx_word' id='word_1_34' title='bbox 212 653 343 710; x_wconf 88' lang='lat' dir='ltr'>aetatem</span> <span class='ocrx_word' id='word_1_35' title='bbox 365 651 446 726; x_wconf 91' lang='lat' dir='ltr'>tulit,</span> <span class='ocrx_word' id='word_1_36' title='bbox 468 653 511 726; x_wconf 87' lang='lat' dir='ltr'>ut,</span> <span class='ocrx_word' id='word_1_37' title='bbox 535 650 625 709; x_wconf 88' lang='lat' dir='ltr'>ceteri</span> <span class='ocrx_word' id='word_1_38' title='bbox 642 651 733 710; x_wconf 89' lang='lat' dir='ltr'>testes</span> <span class='ocrx_word' id='word_1_39' title='bbox 754 646 919 728; x_wconf 85' lang='lat' dir='ltr'>(Vegetius,</span> <span class='ocrx_word' id='word_1_40' title='bbox 936 650 1062 728; x_wconf 91' lang='lat' dir='ltr'>Hippia-</span> 
     </span>
     <span class='ocr_line' id='line_1_7' title="bbox 66 730 1062 819; baseline 0.001 -22"><span class='ocrx_word' id='word_1_41' title='bbox 66 738 139 814; x_wconf 87' lang='lat' dir='ltr'>trica,</span> <span class='ocrx_word' id='word_1_42' title='bbox 157 739 345 817; x_wconf 88' lang='lat' dir='ltr'>Pelagonius,</span> <span class='ocrx_word' id='word_1_43' title='bbox 368 730 547 819; x_wconf 78' lang='lat' dir='ltr'>Columella)</span> <span class='ocrx_word' id='word_1_44' title='bbox 569 739 745 816; x_wconf 90' lang='lat' dir='ltr'>plerumque</span> <span class='ocrx_word' id='word_1_45' title='bbox 768 755 839 798; x_wconf 91' lang='lat' dir='ltr'>sane</span> <span class='ocrx_word' id='word_1_46' title='bbox 866 738 951 798; x_wconf 88' lang='lat' dir='ltr'>nobis</span> <span class='ocrx_word' id='word_1_47' title='bbox 981 741 1062 798; x_wconf 87' lang='lat' dir='ltr'>auxi-</span> 
     </span>
     <span class='ocr_line' id='line_1_8' title="bbox 67 825 1063 904; baseline 0.002 -20"><span class='ocrx_word' id='word_1_48' title='bbox 67 826 160 887; x_wconf 89' lang='lat' dir='ltr'>liantes</span> <span class='ocrx_word' id='word_1_49' title='bbox 186 829 237 888; x_wconf 91' lang='lat' dir='ltr'>ubi</span> <span class='ocrx_word' id='word_1_50' title='bbox 264 828 411 904; x_wconf 87' lang='lat' dir='ltr'>deficiant,</span> <span class='ocrx_word' id='word_1_51' title='bbox 440 826 553 904; x_wconf 82' lang='lat' dir='ltr'>Oedipo</span> <span class='ocrx_word' id='word_1_52' title='bbox 577 845 650 902; x_wconf 87' lang='lat' dir='ltr'>opus</span> <span class='ocrx_word' id='word_1_53' title='bbox 674 827 722 902; x_wconf 90' lang='lat' dir='ltr'>sit,</span> <span class='ocrx_word' id='word_1_54' title='bbox 745 826 796 903; x_wconf 90' lang='lat' dir='ltr'>qui</span> <span class='ocrx_word' id='word_1_55' title='bbox 818 825 952 886; x_wconf 80' lang='lat' dir='ltr'>biformis</span> <span class='ocrx_word' id='word_1_56' title='bbox 976 828 1063 902; x_wconf 90' lang='lat' dir='ltr'>senis,</span> 
     </span>
     <span class='ocr_line' id='line_1_9' title="bbox 68 915 1064 994; baseline 0 -21"><span class='ocrx_word' id='word_1_57' title='bbox 68 915 105 974; x_wconf 90' lang='lat' dir='ltr'>dis</span> <span class='ocrx_word' id='word_1_58' title='bbox 122 917 145 974; x_wconf 87' lang='lat' dir='ltr'>si</span> <span class='ocrx_word' id='word_1_59' title='bbox 160 917 267 993; x_wconf 87' lang='lat' dir='ltr'>placet,</span> <span class='ocrx_word' id='word_1_60' title='bbox 286 918 457 994; x_wconf 88' lang='lat' dir='ltr'>aenigmata</span> <span class='ocrx_word' id='word_1_61' title='bbox 480 917 585 976; x_wconf 80' lang='lat' dir='ltr'>solvat.</span> <span class='ocrx_word' id='word_1_62' title='bbox 631 918 722 975; x_wconf 91' lang='lat' dir='ltr'>immo</span> <span class='ocrx_word' id='word_1_63' title='bbox 746 915 917 992; x_wconf 88' lang='lat' dir='ltr'>saepissime</span> <span class='ocrx_word' id='word_1_64' title='bbox 939 934 1064 991; x_wconf 87' lang='lat' dir='ltr'>puerum</span> 
     </span>
     <span class='ocr_line' id='line_1_10' title="bbox 67 1003 1062 1082; baseline 0.002 -22"><span class='ocrx_word' id='word_1_65' title='bbox 67 1003 267 1066; x_wconf 77' lang='lat' dir='ltr'>balbutientem</span> <span class='ocrx_word' id='word_1_66' title='bbox 282 1006 386 1067; x_wconf 88' lang='lat' dir='ltr'>audire</span> <span class='ocrx_word' id='word_1_67' title='bbox 399 1005 484 1064; x_wconf 89' lang='lat' dir='ltr'>nobis</span> <span class='ocrx_word' id='word_1_68' title='bbox 498 1005 645 1065; x_wconf 83' lang='lat' dir='ltr'>videmur:</span> <span class='ocrx_word' id='word_1_69' title='bbox 664 1004 755 1063; x_wconf 86' lang='lat' dir='ltr'>verba</span> <span class='ocrx_word' id='word_1_70' title='bbox 769 1003 943 1082; x_wconf 79' lang='lat' dir='ltr'>compagine</span> <span class='ocrx_word' id='word_1_71' title='bbox 958 1005 1062 1079; x_wconf 84' lang='lat' dir='ltr'>quavis</span> 
     </span>
     <span class='ocr_line' id='line_1_11' title="bbox 68 1093 1062 1170; baseline 0.001 -20"><span class='ocrx_word' id='word_1_72' title='bbox 68 1095 215 1154; x_wconf 86' lang='lat' dir='ltr'>sententiae</span> <span class='ocrx_word' id='word_1_73' title='bbox 245 1095 354 1169; x_wconf 87' lang='lat' dir='ltr'>soluta,</span> <span class='ocrx_word' id='word_1_74' title='bbox 382 1094 514 1154; x_wconf 89' lang='lat' dir='ltr'>membra</span> <span class='ocrx_word' id='word_1_75' title='bbox 544 1093 668 1152; x_wconf 89' lang='lat' dir='ltr'>disiecta</span> <span class='ocrx_word' id='word_1_76' title='bbox 697 1095 728 1152; x_wconf 91' lang='lat' dir='ltr'>et</span> <span class='ocrx_word' id='word_1_77' title='bbox 756 1093 915 1154; x_wconf 76' lang='lat' dir='ltr'>iteratione</span> <span class='ocrx_word' id='word_1_78' title='bbox 945 1093 1062 1170; x_wconf 88' lang='lat' dir='ltr'>conglo-</span> 
     </span>
     <span class='ocr_line' id='line_1_12' title="bbox 67 1181 1063 1258; baseline 0.001 -20"><span class='ocrx_word' id='word_1_79' title='bbox 67 1185 180 1258; x_wconf 86' lang='lat' dir='ltr'>merata,</span> <span class='ocrx_word' id='word_1_80' title='bbox 205 1184 284 1242; x_wconf 88' lang='lat' dir='ltr'>fetus</span> <span class='ocrx_word' id='word_1_81' title='bbox 308 1183 470 1242; x_wconf 84' lang='lat' dir='ltr'>scribarum</span> <span class='ocrx_word' id='word_1_82' title='bbox 492 1181 687 1242; x_wconf 87' lang='lat' dir='ltr'>barbarorum</span> <span class='ocrx_word' id='word_1_83' title='bbox 708 1181 800 1240; x_wconf 89' lang='lat' dir='ltr'>medii</span> <span class='ocrx_word' id='word_1_84' title='bbox 822 1182 888 1241; x_wconf 86' lang='lat' dir='ltr'>aevi</span> <span class='ocrx_word' id='word_1_85' title='bbox 911 1181 1063 1258; x_wconf 86' lang='lat' dir='ltr'>putidissi-</span> 
     </span>
     <span class='ocr_line' id='line_1_13' title="bbox 68 1267 844 1348; baseline 0.001 -21"><span class='ocrx_word' id='word_1_86' title='bbox 68 1288 120 1330; x_wconf 88' lang='lat' dir='ltr'>nos</span> <span class='ocrx_word' id='word_1_87' title='bbox 140 1303 180 1315; x_wconf 81' lang='lat'>--—</span> <span class='ocrx_word' id='word_1_88' title='bbox 204 1273 271 1348; x_wconf 85' lang='lat' dir='ltr'>quis</span> <span class='ocrx_word' id='word_1_89' title='bbox 295 1272 426 1334; x_wconf 81' lang='lat' dir='ltr'>cloacam</span> <span class='ocrx_word' id='word_1_90' title='bbox 447 1272 635 1348; x_wconf 86' lang='lat' dir='ltr'>pestilentem</span> <span class='ocrx_word' id='word_1_91' title='bbox 659 1267 844 1348; x_wconf 83' lang='lat' dir='ltr'>detergebit?</span> 
     </span>
    </p>

    <p class='ocr_par' dir='ltr' id='par_1_3' title="bbox 14 1358 1067 2854">
     <span class='ocr_line' id='line_1_14' title="bbox 141 1358 1064 1436; baseline -0.004 -16"><span class='ocrx_word' id='word_1_92' title='bbox 141 1359 183 1420; x_wconf 89' lang='lat' dir='ltr'>At</span> <span class='ocrx_word' id='word_1_93' title='bbox 211 1361 348 1420; x_wconf 81' lang='lat' dir='ltr'>illuviem</span> <span class='ocrx_word' id='word_1_94' title='bbox 379 1361 554 1420; x_wconf 79' lang='lat' dir='ltr'>immensam</span> <span class='ocrx_word' id='word_1_95' title='bbox 586 1361 639 1436; x_wconf 92' lang='lat' dir='ltr'>qui</span> <span class='ocrx_word' id='word_1_96' title='bbox 671 1358 806 1418; x_wconf 87' lang='lat' dir='ltr'>sollerter</span> <span class='ocrx_word' id='word_1_97' title='bbox 838 1361 868 1418; x_wconf 90' lang='lat' dir='ltr'>et</span> <span class='ocrx_word' id='word_1_98' title='bbox 901 1377 955 1435; x_wconf 90' lang='lat' dir='ltr'>pro</span> <span class='ocrx_word' id='word_1_99' title='bbox 983 1358 1064 1418; x_wconf 84' lang='lat' dir='ltr'>virili</span> 
     </span>
     <span class='ocr_line' id='line_1_15' title="bbox 68 1447 1064 1527; baseline 0 -21"><span class='ocrx_word' id='word_1_100' title='bbox 68 1451 140 1520; x_wconf 87' lang='lat' dir='ltr'>parte</span> <span class='ocrx_word' id='word_1_101' title='bbox 168 1468 286 1527; x_wconf 85' lang='lat' dir='ltr'>egerere</span> <span class='ocrx_word' id='word_1_102' title='bbox 317 1449 462 1526; x_wconf 82' lang='lat' dir='ltr'>studebit,</span> <span class='ocrx_word' id='word_1_103' title='bbox 491 1449 519 1508; x_wconf 88' lang='lat' dir='ltr'>ei</span> <span class='ocrx_word' id='word_1_104' title='bbox 547 1448 712 1524; x_wconf 86' lang='lat' dir='ltr'>periculum</span> <span class='ocrx_word' id='word_1_105' title='bbox 740 1447 890 1522; x_wconf 85' lang='lat' dir='ltr'>imminet,</span> <span class='ocrx_word' id='word_1_106' title='bbox 920 1467 957 1507; x_wconf 88' lang='lat' dir='ltr'>ne</span> <span class='ocrx_word' id='word_1_107' title='bbox 988 1467 1064 1524; x_wconf 88' lang='lat' dir='ltr'>quae</span> 
     </span>
     <span class='ocr_line' id='line_1_16' title="bbox 69 1535 1064 1615; baseline 0.003 -23"><span class='ocrx_word' id='word_1_108' title='bbox 69 1539 194 1596; x_wconf 89' lang='lat' dir='ltr'>sermonis</span> <span class='ocrx_word' id='word_1_109' title='bbox 220 1538 323 1598; x_wconf 86' lang='lat' dir='ltr'>Latini</span> <span class='ocrx_word' id='word_1_110' title='bbox 350 1537 453 1598; x_wconf 89' lang='lat' dir='ltr'>rustici</span> <span class='ocrx_word' id='word_1_111' title='bbox 479 1536 601 1613; x_wconf 89' lang='lat' dir='ltr'>propria</span> <span class='ocrx_word' id='word_1_112' title='bbox 629 1537 702 1612; x_wconf 91' lang='lat' dir='ltr'>sint,</span> <span class='ocrx_word' id='word_1_113' title='bbox 728 1535 760 1594; x_wconf 87' lang='lat' dir='ltr'>in</span> <span class='ocrx_word' id='word_1_114' title='bbox 786 1535 935 1615; x_wconf 87' lang='lat' dir='ltr'>purgandi</span> <span class='ocrx_word' id='word_1_115' title='bbox 957 1537 1064 1596; x_wconf 89' lang='lat' dir='ltr'>ardore</span> 
     </span>
     <span class='ocr_line' id='line_1_17' title="bbox 69 1624 1065 1702; baseline 0.003 -22"><span class='ocrx_word' id='word_1_116' title='bbox 69 1626 208 1702; x_wconf 90' lang='lat' dir='ltr'>tamquam</span> <span class='ocrx_word' id='word_1_117' title='bbox 250 1629 416 1686; x_wconf 88' lang='lat' dir='ltr'>oommsnta</span> <span class='ocrx_word' id='word_1_118' title='bbox 453 1625 643 1688; x_wconf 81' lang='lat' dir='ltr'>librariorum</span> <span class='ocrx_word' id='word_1_119' title='bbox 681 1624 772 1685; x_wconf 89' lang='lat' dir='ltr'>medii</span> <span class='ocrx_word' id='word_1_120' title='bbox 811 1625 878 1684; x_wconf 88' lang='lat' dir='ltr'>aevi</span> <span class='ocrx_word' id='word_1_121' title='bbox 915 1624 1065 1683; x_wconf 89' lang='lat' dir='ltr'>interdum</span> 
     </span>
     <span class='ocr_line' id='line_1_18' title="bbox 67 1711 1063 1775; baseline 0.005 -8"><span class='ocrx_word' id='word_1_122' title='bbox 67 1712 163 1772; x_wconf 87' lang='lat' dir='ltr'>iniuria</span> <span class='ocrx_word' id='word_1_123' title='bbox 193 1717 345 1775; x_wconf 76' lang='lat' dir='ltr'>semoveat</span> <span class='ocrx_word' id='word_1_124' title='bbox 373 1718 404 1774; x_wconf 91' lang='lat' dir='ltr'>et</span> <span class='ocrx_word' id='word_1_125' title='bbox 429 1715 528 1774; x_wconf 88' lang='lat' dir='ltr'>tollat.</span> <span class='ocrx_word' id='word_1_126' title='bbox 577 1714 687 1774; x_wconf 89' lang='lat' dir='ltr'>etenim</span> <span class='ocrx_word' id='word_1_127' title='bbox 714 1711 951 1772; x_wconf 83' lang='lat' dir='ltr'>examinantibus</span> <span class='ocrx_word' id='word_1_128' title='bbox 978 1714 1063 1772; x_wconf 91' lang='lat' dir='ltr'>nobis</span> 
     </span>
     <span class='ocr_line' id='line_1_19' title="bbox 69 1800 1065 1879; baseline 0.003 -22"><span class='ocrx_word' id='word_1_129' title='bbox 69 1819 109 1860; x_wconf 88' lang='lat' dir='ltr'>eas</span> <span class='ocrx_word' id='word_1_130' title='bbox 128 1802 372 1864; x_wconf 88' lang='lat' dir='ltr'>Mulomedicinae</span> <span class='ocrx_word' id='word_1_131' title='bbox 398 1806 509 1879; x_wconf 88' lang='lat' dir='ltr'>partes,</span> <span class='ocrx_word' id='word_1_132' title='bbox 536 1821 612 1879; x_wconf 88' lang='lat' dir='ltr'>quae</span> <span class='ocrx_word' id='word_1_133' title='bbox 639 1801 712 1862; x_wconf 89' lang='lat' dir='ltr'>satis</span> <span class='ocrx_word' id='word_1_134' title='bbox 738 1802 812 1860; x_wconf 87' lang='lat' dir='ltr'>bene</span> <span class='ocrx_word' id='word_1_135' title='bbox 839 1801 871 1861; x_wconf 91' lang='lat' dir='ltr'>in</span> <span class='ocrx_word' id='word_1_136' title='bbox 893 1800 1065 1861; x_wconf 82' lang='lat' dir='ltr'>universum</span> 
     </span>
     <span class='ocr_line' id='line_1_20' title="bbox 14 1891 1064 1972; baseline 0.003 -26"><span class='ocrx_word' id='word_1_137' title='bbox 14 1929 15 1972; x_wconf 57' lang='lat'>7</span> <span class='ocrx_word' id='word_1_138' title='bbox 69 1892 182 1950; x_wconf 89' lang='lat' dir='ltr'>aetatem</span> <span class='ocrx_word' id='word_1_139' title='bbox 217 1892 356 1969; x_wconf 88' lang='lat' dir='ltr'>tulerint,</span> <span class='ocrx_word' id='word_1_140' title='bbox 392 1892 514 1951; x_wconf 90' lang='lat' dir='ltr'>dubium</span> <span class='ocrx_word' id='word_1_141' title='bbox 555 1910 618 1951; x_wconf 87' lang='lat' dir='ltr'>esse</span> <span class='ocrx_word' id='word_1_142' title='bbox 648 1908 709 1950; x_wconf 90' lang='lat' dir='ltr'>non</span> <span class='ocrx_word' id='word_1_143' title='bbox 741 1892 854 1966; x_wconf 87' lang='lat' dir='ltr'>postet,</span> <span class='ocrx_word' id='word_1_144' title='bbox 886 1891 958 1967; x_wconf 90' lang='lat' dir='ltr'>quin</span> <span class='ocrx_word' id='word_1_145' title='bbox 990 1908 1064 1966; x_wconf 91' lang='lat' dir='ltr'>opus</span> 
     </span>
     <span class='ocr_line' id='line_1_21' title="bbox 68 1977 1065 2056; baseline 0 -20"><span class='ocrx_word' id='word_1_146' title='bbox 68 1980 214 2053; x_wconf 83' lang='lat' dir='ltr'>genuinum</span> <span class='ocrx_word' id='word_1_147' title='bbox 249 1982 286 2040; x_wconf 91' lang='lat' dir='ltr'>ab</span> <span class='ocrx_word' id='word_1_148' title='bbox 320 1981 515 2041; x_wconf 82' lang='lat' dir='ltr'>homuncione</span> <span class='ocrx_word' id='word_1_149' title='bbox 551 1980 709 2040; x_wconf 88' lang='lat' dir='ltr'>rudissimo</span> <span class='ocrx_word' id='word_1_150' title='bbox 740 1982 770 2038; x_wconf 90' lang='lat' dir='ltr'>et</span> <span class='ocrx_word' id='word_1_151' title='bbox 798 1996 919 2056; x_wconf 89' lang='lat' dir='ltr'>prorsus</span> <span class='ocrx_word' id='word_1_152' title='bbox 954 1977 1065 2056; x_wconf 81' lang='lat' dir='ltr'>agresti</span> 
     </span>
     <span class='ocr_line' id='line_1_22' title="bbox 69 2066 1065 2146; baseline 0.001 -21"><span class='ocrx_word' id='word_1_153' title='bbox 69 2068 207 2128; x_wconf 88' lang='lat' dir='ltr'>conditum</span> <span class='ocrx_word' id='word_1_154' title='bbox 230 2069 279 2144; x_wconf 88' lang='lat' dir='ltr'>sit,</span> <span class='ocrx_word' id='word_1_155' title='bbox 302 2090 390 2146; x_wconf 90' lang='lat' dir='ltr'>quem</span> <span class='ocrx_word' id='word_1_156' title='bbox 412 2069 600 2144; x_wconf 87' lang='lat' dir='ltr'>eloquentiae</span> <span class='ocrx_word' id='word_1_157' title='bbox 622 2066 725 2145; x_wconf 88' lang='lat' dir='ltr'>inopia</span> <span class='ocrx_word' id='word_1_158' title='bbox 748 2086 783 2126; x_wconf 90' lang='lat' dir='ltr'>ac</span> <span class='ocrx_word' id='word_1_159' title='bbox 806 2066 948 2126; x_wconf 88' lang='lat' dir='ltr'>sermonis</span> <span class='ocrx_word' id='word_1_160' title='bbox 970 2068 1065 2143; x_wconf 88' lang='lat' dir='ltr'>ipsius</span> 
     </span>
     <span class='ocr_line' id='line_1_23' title="bbox 67 2155 1065 2236; baseline 0.002 -24"><span class='ocrx_word' id='word_1_161' title='bbox 67 2155 170 2216; x_wconf 80' lang='lat' dir='ltr'>vilitate</span> <span class='ocrx_word' id='word_1_162' title='bbox 202 2159 368 2218; x_wconf 86' lang='lat' dir='ltr'>sordescere</span> <span class='ocrx_word' id='word_1_163' title='bbox 390 2157 533 2236; x_wconf 89' lang='lat' dir='ltr'>Vegetius</span> <span class='ocrx_word' id='word_1_164' title='bbox 564 2175 618 2217; x_wconf 90' lang='lat' dir='ltr'>suo</span> <span class='ocrx_word' id='word_1_165' title='bbox 645 2157 709 2214; x_wconf 92' lang='lat' dir='ltr'>iure</span> <span class='ocrx_word' id='word_1_166' title='bbox 735 2155 819 2215; x_wconf 84' lang='lat' dir='ltr'>dixit.</span> <span class='ocrx_word' id='word_1_167' title='bbox 869 2156 937 2232; x_wconf 91' lang='lat' dir='ltr'>quis</span> <span class='ocrx_word' id='word_1_168' title='bbox 964 2159 1065 2214; x_wconf 86' lang='lat' dir='ltr'>autem</span> 
     </span>
     <span class='ocr_line' id='line_1_24' title="bbox 66 2242 1063 2322; baseline 0.003 -23"><span class='ocrx_word' id='word_1_169' title='bbox 66 2242 141 2304; x_wconf 88' lang='lat' dir='ltr'>hodie</span> <span class='ocrx_word' id='word_1_170' title='bbox 153 2248 320 2322; x_wconf 80' lang='lat' dir='ltr'>praefracte</span> <span class='ocrx_word' id='word_1_171' title='bbox 334 2246 465 2321; x_wconf 91' lang='lat' dir='ltr'>definiat,</span> <span class='ocrx_word' id='word_1_172' title='bbox 480 2246 552 2322; x_wconf 94' lang='lat' dir='ltr'>quid</span> <span class='ocrx_word' id='word_1_173' title='bbox 564 2244 690 2306; x_wconf 90' lang='lat' dir='ltr'>mulioni</span> <span class='ocrx_word' id='word_1_174' title='bbox 709 2246 850 2304; x_wconf 86' lang='lat' dir='ltr'>semiraso</span> <span class='ocrx_word' id='word_1_175' title='bbox 869 2246 934 2304; x_wconf 90' lang='grc'>400</span> <span class='ocrx_word' id='word_1_176' title='bbox 952 2264 981 2321; x_wconf 90' lang='lat' dir='ltr'>p.</span> <span class='ocrx_word' id='word_1_177' title='bbox 997 2243 1063 2303; x_wconf 72' lang='lat' dir='ltr'>(ihr.</span> 
     </span>
     <span class='ocr_line' id='line_1_25' title="bbox 66 2331 1064 2395; baseline 0.002 -6"><span class='ocrx_word' id='word_1_178' title='bbox 66 2331 170 2394; x_wconf 85' lang='lat' dir='ltr'>florenti</span> <span class='ocrx_word' id='word_1_179' title='bbox 200 2335 366 2395; x_wconf 87' lang='lat' dir='ltr'>condonare</span> <span class='ocrx_word' id='word_1_180' title='bbox 396 2332 574 2394; x_wconf 82' lang='lat' dir='ltr'>debeamus?</span> <span class='ocrx_word' id='word_1_181' title='bbox 623 2333 779 2393; x_wconf 88' lang='lat' dir='ltr'>nebulonis</span> <span class='ocrx_word' id='word_1_182' title='bbox 807 2351 877 2393; x_wconf 82' lang='lat' dir='ltr'>vero</span> <span class='ocrx_word' id='word_1_183' title='bbox 907 2332 990 2392; x_wconf 90' lang='lat' dir='ltr'>illius</span> <span class='ocrx_word' id='word_1_184' title='bbox 1019 2335 1064 2391; x_wconf 90' lang='lat' dir='ltr'>in·</span> 
     </span>
     <span class='ocr_line' id='line_1_26' title="bbox 68 2421 1066 2501; baseline 0.001 -22"><span class='ocrx_word' id='word_1_185' title='bbox 68 2422 171 2481; x_wconf 87' lang='lat' dir='ltr'>scitiam</span> <span class='ocrx_word' id='word_1_186' title='bbox 201 2424 347 2501; x_wconf 87' lang='lat' dir='ltr'>puerilem</span> <span class='ocrx_word' id='word_1_187' title='bbox 382 2425 430 2483; x_wconf 82' lang='lat' dir='ltr'>rel</span> <span class='ocrx_word' id='word_1_188' title='bbox 466 2424 534 2482; x_wconf 91' lang='lat' dir='ltr'>inde</span> <span class='ocrx_word' id='word_1_189' title='bbox 566 2440 739 2500; x_wconf 85' lang='lat' dir='ltr'>cognoscas,</span> <span class='ocrx_word' id='word_1_190' title='bbox 771 2421 850 2498; x_wconf 90' lang='lat' dir='ltr'>quod</span> <span class='ocrx_word' id='word_1_191' title='bbox 882 2440 958 2498; x_wconf 89' lang='lat' dir='ltr'>quae</span> <span class='ocrx_word' id='word_1_192' title='bbox 990 2421 1066 2480; x_wconf 83' lang='lat' dir='ltr'>dixit</span> 
     </span>
     <span class='ocr_line' id='line_1_27' title="bbox 67 2508 1065 2593; baseline -0.004 -21"><span class='ocrx_word' id='word_1_193' title='bbox 67 2508 201 2587; x_wconf 77' lang='lat' dir='ltr'>Apsyrtos</span> <span class='ocrx_word' id='word_1_194' title='bbox 227 2510 279 2572; x_wconf 81' lang='lat' dir='ltr'>nul</span> <span class='ocrx_word' id='word_1_195' title='bbox 304 2520 391 2593; x_wconf 60' lang='grc' dir='ltr'><strong><em>τοῦτο</em></strong></span> <span class='ocrx_word' id='word_1_196' title='bbox 419 2508 451 2574; x_wconf 79' lang='grc' dir='ltr'>δὲ</span> <span class='ocrx_word' id='word_1_197' title='bbox 478 2509 511 2572; x_wconf 78' lang='grc' dir='ltr'>ἐκ</span> <span class='ocrx_word' id='word_1_198' title='bbox 537 2518 596 2572; x_wconf 81' lang='grc' dir='ltr'>τῶν</span> <span class='ocrx_word' id='word_1_199' title='bbox 622 2514 796 2590; x_wconf 72' lang='grc' dir='ltr'><em>Γεωργικῶν</em></span> <span class='ocrx_word' id='word_1_200' title='bbox 827 2509 981 2590; x_wconf 76' lang='grc' dir='ltr'><em>Μάγωνος</em></span> <span class='ocrx_word' id='word_1_201' title='bbox 1012 2517 1065 2569; x_wconf 81' lang='grc' dir='ltr'>τοῦ</span> 
     </span>
     <span class='ocr_line' id='line_1_28' title="bbox 67 2594 1066 2681; baseline 0.001 -26"><span class='ocrx_word' id='word_1_202' title='bbox 67 2599 262 2678; x_wconf 77' lang='grc' dir='ltr'><strong><em>Καρχηδονίου</em></strong></span> <span class='ocrx_word' id='word_1_203' title='bbox 288 2600 408 2681; x_wconf 74' lang='grc' dir='ltr'><strong><em>εὕρηται</em></strong></span> <span class='ocrx_word' id='word_1_204' title='bbox 435 2601 526 2680; x_wconf 82' lang='lat' dir='ltr'>vertit</span> <span class='ocrx_word' id='word_1_205' title='bbox 552 2620 606 2677; x_wconf 93' lang='lat' dir='ltr'>per</span> <span class='ocrx_word' id='word_1_206' title='bbox 633 2594 680 2658; x_wconf 74' lang='lat' dir='ltr'>‘et</span> <span class='ocrx_word' id='word_1_207' title='bbox 705 2599 761 2659; x_wconf 91' lang='lat' dir='ltr'>boc</span> <span class='ocrx_word' id='word_1_208' title='bbox 789 2599 869 2675; x_wconf 90' lang='lat' dir='ltr'>quod</span> <span class='ocrx_word' id='word_1_209' title='bbox 896 2617 914 2658; x_wconf 89' lang='lat' dir='ltr'>a</span> <span class='ocrx_word' id='word_1_210' title='bbox 945 2597 1066 2657; x_wconf 83' lang='lat' dir='ltr'>rusticis</span> 
     </span>
     <span class='ocr_line' id='line_1_29' title="bbox 68 2685 1067 2766; baseline -0.002 -21"><span class='ocrx_word' id='word_1_211' title='bbox 68 2689 150 2766; x_wconf 88' lang='lat' dir='ltr'>magis</span> <span class='ocrx_word' id='word_1_212' title='bbox 170 2689 325 2752; x_wconf 87' lang='lat' dir='ltr'>inventum</span> <span class='ocrx_word' id='word_1_213' title='bbox 348 2692 402 2764; x_wconf 87' lang='lat' dir='ltr'>est,</span> <span class='ocrx_word' id='word_1_214' title='bbox 423 2708 483 2749; x_wconf 91' lang='lat' dir='ltr'>non</span> <span class='ocrx_word' id='word_1_215' title='bbox 505 2689 787 2766; x_wconf 86' lang='lat' dir='ltr'>praetermittamus,</span> <span class='ocrx_word' id='word_1_216' title='bbox 811 2686 890 2764; x_wconf 89' lang='lat' dir='ltr'>quod</span> <span class='ocrx_word' id='word_1_217' title='bbox 913 2685 1067 2762; x_wconf 88' lang='lat' dir='ltr'>appellant</span> 
     </span>
     <span class='ocr_line' id='line_1_30' title="bbox 70 2773 786 2854; baseline 0.006 -23"><span class='ocrx_word' id='word_1_218' title='bbox 70 2776 165 2837; x_wconf 89' lang='lat' dir='ltr'>ostium</span> <span class='ocrx_word' id='word_1_219' title='bbox 186 2773 435 2854; x_wconf 85' lang='lat' dir='ltr'>charcedonium&#39;‚</span> <span class='ocrx_word' id='word_1_220' title='bbox 458 2779 493 2838; x_wconf 89' lang='lat' dir='ltr'>cf.</span> <span class='ocrx_word' id='word_1_221' title='bbox 517 2779 596 2836; x_wconf 85' lang='lat' dir='ltr'>infra</span> <span class='ocrx_word' id='word_1_222' title='bbox 617 2797 646 2854; x_wconf 92' lang='lat' dir='ltr'>p.</span> <span class='ocrx_word' id='word_1_223' title='bbox 668 2778 730 2835; x_wconf 87' lang='grc'>146</span> <span class='ocrx_word' id='word_1_224' title='bbox 743 2787 786 2836; x_wconf 74' lang='lat'>21.</span> 
     </span>
    </p>

    <p class='ocr_par' dir='ltr' id='par_1_4' title="bbox 69 2863 1066 3119">
     <span class='ocr_line' id='line_1_31' title="bbox 145 2863 1066 2942; baseline -0.007 -16"><span class='ocrx_word' id='word_1_225' title='bbox 145 2865 225 2936; x_wconf 84' lang='lat' dir='ltr'>Quae</span> <span class='ocrx_word' id='word_1_226' title='bbox 249 2886 317 2926; x_wconf 89' lang='lat' dir='ltr'>oum</span> <span class='ocrx_word' id='word_1_227' title='bbox 338 2866 383 2926; x_wconf 88' lang='lat' dir='ltr'>ita</span> <span class='ocrx_word' id='word_1_228' title='bbox 401 2870 507 2942; x_wconf 87' lang='lat' dir='ltr'>essent,</span> <span class='ocrx_word' id='word_1_229' title='bbox 529 2866 603 2924; x_wconf 92' lang='lat' dir='ltr'>mibi</span> <span class='ocrx_word' id='word_1_230' title='bbox 625 2865 760 2942; x_wconf 87' lang='lat' dir='ltr'>persuasi</span> <span class='ocrx_word' id='word_1_231' title='bbox 777 2863 863 2924; x_wconf 89' lang='lat' dir='ltr'>unice</span> <span class='ocrx_word' id='word_1_232' title='bbox 881 2881 985 2923; x_wconf 87' lang='lat' dir='ltr'>verum</span> <span class='ocrx_word' id='word_1_233' title='bbox 1004 2879 1066 2921; x_wconf 91' lang='lat' dir='ltr'>esse</span> 
     </span>
     <span class='ocr_line' id='line_1_32' title="bbox 69 2950 1065 3030; baseline 0.002 -22"><span class='ocrx_word' id='word_1_234' title='bbox 69 2952 211 3014; x_wconf 81' lang='lat' dir='ltr'>uerborum</span> <span class='ocrx_word' id='word_1_235' title='bbox 234 2957 405 3014; x_wconf 87' lang='lat' dir='ltr'>contextum</span> <span class='ocrx_word' id='word_1_236' title='bbox 428 2956 563 3030; x_wconf 82' lang='lat' dir='ltr'>quamvis</span> <span class='ocrx_word' id='word_1_237' title='bbox 587 2953 789 3014; x_wconf 89' lang='lat' dir='ltr'>sordidissima</span> <span class='ocrx_word' id='word_1_238' title='bbox 812 2951 950 3011; x_wconf 88' lang='lat' dir='ltr'>barbarie</span> <span class='ocrx_word' id='word_1_239' title='bbox 972 2950 1065 3010; x_wconf 87' lang='lat' dir='ltr'>infus-</span> 
     </span>
     <span class='ocr_line' id='line_1_33' title="bbox 71 3039 1065 3119; baseline 0.001 -23"><span class='ocrx_word' id='word_1_240' title='bbox 71 3043 155 3100; x_wconf 81' lang='lat' dir='ltr'>catum</span> <span class='ocrx_word' id='word_1_241' title='bbox 181 3044 213 3102; x_wconf 89' lang='lat' dir='ltr'>in</span> <span class='ocrx_word' id='word_1_242' title='bbox 240 3044 414 3104; x_wconf 81' lang='lat' dir='ltr'>uniuersum</span> <span class='ocrx_word' id='word_1_243' title='bbox 441 3044 589 3103; x_wconf 91' lang='lat' dir='ltr'>intactum</span> <span class='ocrx_word' id='word_1_244' title='bbox 616 3043 797 3119; x_wconf 86' lang='lat' dir='ltr'>relinquere,</span> <span class='ocrx_word' id='word_1_245' title='bbox 824 3039 881 3098; x_wconf 88' lang='lat' dir='ltr'>nisi</span> <span class='ocrx_word' id='word_1_246' title='bbox 904 3039 956 3098; x_wconf 89' lang='lat' dir='ltr'>ubi</span> <span class='ocrx_word' id='word_1_247' title='bbox 977 3041 1065 3116; x_wconf 87' lang='lat' dir='ltr'>puta·</span> 
     </span>
    </p>
   </div>
   <div class='ocr_carea' id='block_1_3' title="bbox 70 3125 1068 3566">
    <p class='ocr_par' dir='ltr' id='par_1_5' title="bbox 70 3125 1068 3566">
     <span class='ocr_line' id='line_1_34' title="bbox 70 3125 1067 3208; baseline -0.001 -20"><span class='ocrx_word' id='word_1_248' title='bbox 70 3125 128 3188; x_wconf 85' lang='lat' dir='ltr'>bam</span> <span class='ocrx_word' id='word_1_249' title='bbox 152 3151 198 3191; x_wconf 90' lang='lat' dir='ltr'>me</span> <span class='ocrx_word' id='word_1_250' title='bbox 225 3132 317 3192; x_wconf 86' lang='lat' dir='ltr'>verba</span> <span class='ocrx_word' id='word_1_251' title='bbox 344 3132 509 3208; x_wconf 82' lang='lat' dir='ltr'>depravata</span> <span class='ocrx_word' id='word_1_252' title='bbox 537 3135 567 3190; x_wconf 91' lang='lat' dir='ltr'>et</span> <span class='ocrx_word' id='word_1_253' title='bbox 589 3150 676 3191; x_wconf 87' lang='lat' dir='ltr'>sensu</span> <span class='ocrx_word' id='word_1_254' title='bbox 699 3129 831 3190; x_wconf 87' lang='lat' dir='ltr'>carentia</span> <span class='ocrx_word' id='word_1_255' title='bbox 853 3129 885 3186; x_wconf 92' lang='lat' dir='ltr'>in</span> <span class='ocrx_word' id='word_1_256' title='bbox 907 3128 1067 3204; x_wconf 90' lang='lat' dir='ltr'>pristinum</span> 
     </span>
     <span class='ocr_line' id='line_1_35' title="bbox 70 3217 1067 3297; baseline 0.002 -23"><span class='ocrx_word' id='word_1_257' title='bbox 70 3219 168 3283; x_wconf 87' lang='lat' dir='ltr'>statum</span> <span class='ocrx_word' id='word_1_258' title='bbox 193 3221 351 3286; x_wconf 81' lang='lat' dir='ltr'>restituere</span> <span class='ocrx_word' id='word_1_259' title='bbox 377 3239 472 3297; x_wconf 87' lang='lat' dir='ltr'>posse.</span> <span class='ocrx_word' id='word_1_260' title='bbox 517 3223 551 3280; x_wconf 91' lang='lat' dir='ltr'>at</span> <span class='ocrx_word' id='word_1_261' title='bbox 577 3239 644 3279; x_wconf 90' lang='lat' dir='ltr'>oum</span> <span class='ocrx_word' id='word_1_262' title='bbox 671 3239 730 3280; x_wconf 89' lang='lat' dir='ltr'>non</span> <span class='ocrx_word' id='word_1_263' title='bbox 755 3218 923 3296; x_wconf 89' lang='lat' dir='ltr'>ignorarem</span> <span class='ocrx_word' id='word_1_264' title='bbox 946 3217 1008 3276; x_wconf 89' lang='lat' dir='ltr'>fore</span> <span class='ocrx_word' id='word_1_265' title='bbox 1032 3221 1067 3276; x_wconf 93' lang='lat' dir='ltr'>ut</span> 
     </span>
     <span class='ocr_line' id='line_1_36' title="bbox 70 3305 1065 3387; baseline 0.003 -25"><span class='ocrx_word' id='word_1_266' title='bbox 70 3306 110 3362; x_wconf 83' lang='lat' dir='ltr'>vel</span> <span class='ocrx_word' id='word_1_267' title='bbox 141 3308 327 3369; x_wconf 89' lang='lat' dir='ltr'>doctissimus</span> <span class='ocrx_word' id='word_1_268' title='bbox 364 3309 488 3387; x_wconf 89' lang='lat' dir='ltr'>quisque</span> <span class='ocrx_word' id='word_1_269' title='bbox 524 3309 662 3370; x_wconf 88' lang='lat' dir='ltr'>insanum</span> <span class='ocrx_word' id='word_1_270' title='bbox 697 3309 842 3383; x_wconf 90' lang='lat' dir='ltr'>quantum</span> <span class='ocrx_word' id='word_1_271' title='bbox 873 3305 1065 3368; x_wconf 89' lang='lat' dir='ltr'>barbarismis</span> 
     </span>
     <span class='ocr_line' id='line_1_37' title="bbox 72 3394 1066 3477; baseline -0.006 -19"><span class='ocrx_word' id='word_1_272' title='bbox 72 3394 186 3460; x_wconf 74' lang='lat' dir='ltr'>mavis</span> <span class='ocrx_word' id='word_1_273' title='bbox 209 3398 326 3477; x_wconf 89' lang='lat' dir='ltr'>generis</span> <span class='ocrx_word' id='word_1_274' title='bbox 348 3397 500 3458; x_wconf 80' lang='lat' dir='ltr'>firttilibus</span> <span class='ocrx_word' id='word_1_275' title='bbox 522 3397 721 3474; x_wconf 87' lang='lat' dir='ltr'>torqueretur,</span> <span class='ocrx_word' id='word_1_276' title='bbox 745 3414 846 3474; x_wconf 87' lang='lat' dir='ltr'>eorum</span> <span class='ocrx_word' id='word_1_277' title='bbox 870 3414 987 3472; x_wconf 90' lang='lat' dir='ltr'>quoque</span> <span class='ocrx_word' id='word_1_278' title='bbox 1007 3413 1066 3453; x_wconf 89' lang='lat' dir='ltr'>non</span> 
     </span>
     <span class='ocr_line' id='line_1_38' title="bbox 73 3484 1068 3566; baseline -0.002 -23"><span class='ocrx_word' id='word_1_279' title='bbox 73 3498 167 3554; x_wconf 81' lang='lat' dir='ltr'>paucos</span> <span class='ocrx_word' id='word_1_280' title='bbox 194 3486 297 3550; x_wconf 84' lang='lat' dir='ltr'>abieci.</span> <span class='ocrx_word' id='word_1_281' title='bbox 348 3506 474 3562; x_wconf 89' lang='lat' dir='ltr'>quorum</span> <span class='ocrx_word' id='word_1_282' title='bbox 499 3488 578 3546; x_wconf 88' lang='lat' dir='ltr'>mole</span> <span class='ocrx_word' id='word_1_283' title='bbox 605 3505 641 3545; x_wconf 89' lang='lat' dir='ltr'>ne</span> <span class='ocrx_word' id='word_1_284' title='bbox 669 3485 877 3544; x_wconf 87' lang='lat' dir='ltr'>adnotationes</span> <span class='ocrx_word' id='word_1_285' title='bbox 906 3484 1068 3566; x_wconf 79' lang='lat' dir='ltr'>obruerem,</span> 
     </span>
    </p>
   </div>
   <div class='ocr_carea' id='block_1_4' title="bbox 0 0 1265 3906">
    <p class='ocr_par' dir='ltr' id='par_1_6' title="bbox 0 0 1265 3906">
     <span class='ocr_line' id='line_1_39' title="bbox 0 0 1265 3906; baseline 0 0"><span class='ocrx_word' id='word_1_286' title='bbox 0 0 1265 3906; x_wconf 95' lang='lat' dir='ltr'> </span> 
     </span>
    </p>
   </div>
  </div>
 </body>
</html>
