2470 3902
213 141 496 203 MULOMEDIOINA
516 143 685 198 OHIRONIS
705 147 845 198 279-282
995 141 1036 205 83

96 293 192 350 XVIII
217 293 248 351 Si
268 295 348 369 quod
365 293 681 368 iumentumopiosum
699 292 797 368 fuerit,
816 293 903 370 signa
917 293 1036 351 demon·
1056 292 1113 348 219

44 384 125 439 strant
136 383 216 441 haec.
248 383 281 439 iu
295 383 449 458 praesepio
463 381 617 456 Incumbit,
637 382 737 440 oculos
756 387 853 440 tensos
871 382 993 440 habebit
1007 385 1037 440 et

41 471 166 529 auncuIIs
180 471 312 546 dimicat,
331 475 362 530 et
375 491 435 530 non
448 471 577 528 multum
590 471 673 552 videt
687 474 717 528 et
731 471 809 528 oculi
824 470 886 528 eius
900 472 1036 529 lacrima-

40 558 149 633 buntur,
178 562 209 617 et
237 561 318 638 girat
344 563 489 635 tanquam
504 562 581 635 'post
602 560 704 619 molus
749 559 798 618 hic
826 560 883 618 erIt
909 560 1036 636 opiosus.

20 667 28 706 1
88 648 170 707 sedai
183 649 216 707 in
230 649 343 708 rabiem
355 667 513 708 conversus
526 649 625 724 fuerit,
640 649 681 707 sic
694 640 974 729 intelligislsubito
1007 650 1185 710 28012οἜ

37 736 141 796 hinniet
158 741 304 813 tanquam
326 757 425 813 sanus,
448 741 478 796 et
499 757 601 796 morsu
620 737 736 813 appetit
758 739 812 795 aut
830 755 934 812 parem
952 756 1038 796 suum

37 830 87 892 aut,
101 827 260 902 hominem,
283 831 336 886 aut
358 828 546 902 praesepium
572 827 709 901 perrodet
731 828 785 884 aut
806 826 860 883 ilia
883 826 939 884 sibi
958 846 1035 885 mor-

36 915 94 973 siois
116 915 258 974 comedet.
304 917 345 974 sic
369 936 436 974 eum
450 915 588 992 carubio,
614 920 759 990 tanquam
782 916 924 991 opiosum.
971 916 1036 974 loco

35 1004 179 1062 tenebroso
210 1025 277 1062 eum
306 1004 451 1078 includes
479 1005 600 1062 ordeum
628 1025 664 1062 ne
687 1004 813 1080 dederis5
842 1007 872 1062 et
894 1004 1034 1064 mollibus

9 1109 25 1150 u
35 1092 143 1152 cibariis
162 1094 287 1153 iuvabis.
330 1094 426 1170 magis
444 1097 545 1152 tamen
564 1093 666 1168 apium
686 1093 811 1152 viridem
829 1094 920 1168 prius,
944 1111 1035 1168 quan·

34 1183 90 1239 tum
116 1183 260 1257 volueriS,
288 1183 315 1240 ei
343 1182 389 1240 da
435 1183 609 1259 sangumem
637 1183 671 1240 de
699 1182 881 1258 temporibus
914 1182 1036 1241 detrahe

35 1271 73 1328 vel
99 1271 134 1330 de
162 1271 277 1331 cerviae
310 1271 388 1347 quod
420 1273 493 1330 satis
519 1272 617 1329 fuerIt.
671 1275 761 1346 caput
789 1273 816 1330 ei
832 1271 963 1333 curabis
996 1273 1036 1330 sic

34 1377 114 1432 acopo
137 1362 283 1435 peruncto
310 1361 379 1418 hoc:
409 1378 600 1436 oppoponaoe
623 1377 648 1448 p
668 1373 725 1435 -:—‚
748 1361 846 1418 resina
868 1361 1037 1420 terbentina

33 1449 128 1534 pli,
164 1449 286 1525 galbani
308 1467 333 1537 p
352 1463 408 1526 ÷,
440 1447 604 1524 [opponace
627 1447 743 1536 p÷],
772 1450 870 1507 resina
892 1449 981 1508 fricta
1004 1451 1036 1524 3,

9 1539 147 1616 amastice
164 1535 238 1596 Chia
252 1538 352 1614 pondo
365 1551 418 1612 -÷-,
437 1557 520 1596 cerae
534 1537 620 1612 libra,
639 1539 737 1596 oleum
751 1543 832 1596 vetus
845 1539 945 1613 pondo
959 1551 1004 1600 ÷
1027 1587 1033 1598 .

33 1645 61 1682 ex
76 1627 131 1686 hoc
157 1627 184 1684 ei
208 1627 359 1692 cerebrum
381 1627 484 1704 frigas,
508 1630 537 1684 et
555 1627 650 1685 oleum
672 1626 819 1701 liquidum
837 1627 868 1684 in
888 1629 1035 1686 auriculas
1054 1628 1110 1692 281,

33 1715 200 1791 suffundito,
229 1719 260 1774 et
282 1736 317 1774 ex
340 1716 497 1774 sacellione
521 1716 698 1774 cerebellum
724 1716 882 1791 vaporabis
908 1716 1034 1774 cerebel-

33 1802 85 1862 lare
107 1805 248 1880 opposito
272 1806 319 1864 vel
343 1823 443 1879 acopo,
487 1823 545 1880 quo
568 1805 655 1862 modo
680 1805 921 1879 eaputinuapc‘to
946 1808 976 1862 et
1000 1825 1035 1862 ex

33 1894 144 1964 potione
170 1894 213 1952 sic
235 1894 357 1952 cottidie
381 1894 534 1970 potionata
559 1896 588 1951 et
611 1894 724 1952 collirio
748 1894 808 1952 aori
836 1894 878 1951 sic
901 1913 968 1951 eum
990 1893 1035 1950 in-

9 1987 151 2058 oungueto
176 1982 308 2058 cottidie,
330 1986 365 2040 ut
387 1983 483 2059 caligo
508 1983 570 2040 eius
594 1983 704 2041 auferri
728 1983 829 2057 possit.
872 1982 897 2039 si
920 2003 955 2040 ex
977 1984 1033 2041 hoo

33 2088 82 2127 non
107 2071 284 2147 profecerit,
316 2075 406 2147 caput
434 2072 461 2130 ei
488 2089 555 2129 ures
588 2074 618 2128 et
649 2073 784 2146 tempora
817 2071 859 2129 sio
886 2071 939 2130 sub
969 2072 1034 2148 ipso

33 2161 209 2230 protocomio
237 2160 356 2219 semisse
385 2161 545 2219 iustissime
568 2152 657 2234 ures,
693 2161 740 2219 vel
769 2161 861 2236 pinna
892 2162 1034 2236 cmpicrna

34 2247 124 2323 facies,
160 2250 217 2307 hoe
249 2248 387 2306 similiter
419 2253 448 2307 et
480 2267 568 2324 super
601 2267 692 2308 venas
724 2242 905 2324 temporales
937 2251 1033 2309 facere

34 2337 149 2398 curabis,
187 2337 323 2414 plerique
345 2340 446 2396 tamen
466 2338 603 2396 tabulare
626 2338 658 2395 in
676 2338 778 2413 palato
796 2342 863 2397 usto
887 2339 950 2397 solo
970 2340 1034 2398 sani

9 2423 87 2482 steri
117 2431 268 2504 possunt.¹
299 2427 353 2486 illa
388 2428 467 2485 enim
500 2427 627 2485 ustionis
658 2427 838 2485 restauratio
869 2433 897 2485 et
924 2429 1034 2487 nimius
1053 2428 1110 2483 282

35 2513 121 2574 fervor
143 2515 220 2573 facit
242 2515 413 2574 membrana
437 2516 544 2590 capitis
567 2516 698 2574 alienata
722 2517 760 2574 ad
783 2535 886 2574 sanam
904 2520 1034 2575 mentem

34 2603 183 2673 pristinam
210 2607 241 2662 et
267 2605 428 2663 sanitatem
453 2605 564 2665 reverti
593 2608 623 2662 et
650 2604 760 2663 salivae
792 2605 860 2680 plus
887 2605 1034 2682 flegmatis

35 2693 128 2753 aufert.
162 2692 260 2751 medio
280 2696 381 2751 autem
399 2693 445 2751 die
465 2693 600 2769 adposito
620 2694 703 2751 freno
721 2694 844 2752 herbam
862 2696 916 2750 aut
933 2693 1034 2751 fenum

96 2869 109 2915 1
133 2865 167 2914 ia
187 2879 273 2933 marp.
297 2862 361 2914 XIX
379 2878 439 2932 cap.
463 2866 508 2932 512
529 2863 640 2917 densos:
668 2878 735 2918 corr.
765 2863 826 2932 ch.
850 2865 859 2931 ΙΙ
878 2869 896 2915 4
914 2862 1033 2916 maleos:

36 2946 91 2985 corr.
125 2934 189 2989 Ve.
225 2937 235 3002 ΙΙ
260 2939 275 2986 5
300 2933 362 3004 Veq.
390 2935 493 2988 [1111
515 2936 524 3004 11
545 2940 560 2986 6
579 2933 688 3002 innietl
711 2950 831 2988 morsus:
850 2949 918 2988 corr.
943 2932 1005 3004 ch.

36 3005 47 3050 l
63 3020 140 3070 porro
157 2951 205 3058 det
221 3006 224 3076 ξ
241 3003 400 3059 mordIoans
423 3005 484 3075 Vep.
506 3008 515 3074 ll
537 3010 570 3058 10
591 3005 704 3059 iubatis
716 3007 733 3073 Ἠ
755 3010 786 3057 11
803 3003 925 3058 voluerit
947 3004 1010 3074 Vep.

38 3077 62 3123 12
82 3091 118 3144 sq.
140 3075 164 3128 si
190 3076 308 3129 cacabo:
341 3091 408 3129 corr.
439 3076 501 3146 ch.
529 3078 538 3145 [Ι
567 3081 600 3129 14
627 3075 735 3129 resinae
757 3074 846 3127 frixae
871 3073 969 3129 uncias

41 3141 91 3213 ch.
118 3149 128 3216 ΙΙ
157 3151 189 3199 15
208 3145 334 3200 masticis
359 3146 444 3200 tritae
463 3146 560 3200 uncias
574 3147 600 3200 Π
621 3148 682 3217 ch.
706 3149 710 3214 Ι
733 3145 834 3199 utrius:
853 3161 921 3200 coer.
944 3146 1004 3216 Vep.
1023 3145 1033 3216 ll

38 3219 63 3290 ,¹⁶
75 3215 175 3272 solum:
193 3234 262 3272 corr.
282 3217 343 3286 ch.
359 3220 368 3286 ΙΙ
383 3223 416 3270 18
431 3217 559 3287 apposito
583 3218 643 3287 ch.
661 3220 665 3287 1
681 3217 726 3271 vel
747 3231 825 3270 coco:
851 3232 919 3270 corr.
945 3217 1004 3287 ch.
1027 3217 1030 3287 l

37 3291 132 3364 Quinto
151 3291 260 3358 8111119
279 3287 429 3359 potionata
441 3287 566 3412 pcollirii
590 3290 594 3360 Ι
616 3305 654 3356 sq.
673 3287 704 3340 iu
726 3302 850 3356 unguere
865 3290 874 3356 ΙΙ
888 3293 921 3340 22
944 3287 1033 3342 hiem-

36 3370 116 3420 puna:
135 3357 265 3428 ἐμΛιύημα
284 3359 312 3412 Β
329 3358 340 3431 ΙΙ
358 3364 392 3412 24
409 3362 440 3414 ta
461 3359 471 3412 i
489 3359 561 3415 lare:
579 3377 647 3414 corr.
672 3358 733 3429 ch.
748 3361 757 3427 I
771 3361 804 3410 25
824 3360 853 3411 et
870 3358 972 3412 nimius
991 3359 1032 3414 B:

36 3426 101 3480 enim
117 3428 161 3484 his
175 3433 185 3502 ΙΙ
207 3436 241 3483 26
260 3429 353 3484 fervor
371 3430 445 3484 enim
463 3430 519 3485 foci
533 3429 710 3486 debilitatem
725 3426 825 3498 capItis
843 3428 920 3484 tollit
943 3431 1004 3500 ch.
1023 3429 1033 3503 ΙΙ
1153 3427 1155 3433 '

37 3500 64 3548 21
83 3499 212 3564 salibara:
232 3517 300 3556 corr.
316 3501 344 3554 B
365 3502 368 3574 l
392 3501 537 3571 flegmates
551 3505 561 3571 ΙΙ
575 3506 608 3554 28
628 3500 719 3554 adfert

770 3578 872 3644 ,φ
