2512 3906
289 154 572 211 MULOMIIDICINA
590 155 760 211 CHIRONIS
779 161 884 210 92-95
1050 155 1091 220 31

82 305 193 365 dolore.
232 306 311 382 quod
334 307 360 365 si
383 307 514 382 coeperit
537 325 664 366 crescere
688 308 718 364 et
739 309 854 365 tumere
877 308 908 365 et
926 307 1034 382 dolere,
1058 327 1093 364 ex

81 414 138 471 quo
163 396 344 455 munducare
367 395 417 454 vix
439 395 543 471 possit,
566 395 797 471 cataplasmabis
820 415 896 474 eum,
920 394 1012 455 donec
1029 414 1093 453 ma·

78 487 183 542 turum
220 484 321 543 faciat.
374 483 479 542 deinde
515 485 705 560 postmodum
742 483 883 559 scalpello
916 485 1030 560 aperies
1063 487 1094 542 et

78 575 167 632 aceto
182 579 214 632 et
227 572 292 632 oleo
307 573 424 632 curabis
443 573 554 649 ordine,
577 573 725 649 quomodo
745 575 872 649 oportet.
909 591 1014 632 sanum
1031 572 1091 631 fiet.

50 685 63 723 s
147 661 221 719 XVI
244 661 445 737 Quodcunque
467 662 632 721 iumentum
655 663 688 720 iu
711 681 745 721 eo
768 663 833 721 loco
856 661 936 720 inter
953 662 1091 720 maxillas
1110 662 1148 718 92

76 750 214 809 fistulam
232 751 343 825 fecerit,
368 751 448 810 intro
472 769 504 811 os
527 751 559 809 in
581 751 708 810 ulterius
731 751 785 810 sub
807 751 913 828 lingua
934 751 1041 809 fecerit
1062 753 1093 808 et

77 839 301 915 praerumperIt
324 839 449 898 ulterius
473 858 514 899 os.
559 860 614 915 per
636 859 726 916 quam
748 839 889 914 fistulam,
912 858 979 897 cum
1000 838 1091 914 bibet,

77 947 162 1004 aqua
184 928 318 1004 profluet.
359 929 400 988 sio
424 948 490 987 eam
513 931 624 989 curato.
670 929 809 1005 papirum
833 928 958 987 subicito
981 928 1035 1002 ita,
1057 930 1093 985 ut

76 1035 151 1093 pars
174 1019 315 1092 perexeat
337 1017 369 1074 in
396 1036 429 1076 os
457 1018 532 1093 eius,
561 1017 685 1076 lacinias
712 1017 837 1077 interius
865 1017 927 1075 lino
955 1017 1092 1094 ligatum,

34 1130 61 1168 1o
77 1108 109 1164 et
137 1108 227 1164 exeat
257 1106 313 1165 hoc
344 1106 455 1164 lacinia
486 1107 596 1165 Iterum
627 1108 722 1182 foras,
754 1109 785 1165 et
816 1107 943 1164 alteram
975 1107 1092 1182 partem

75 1194 180 1271 papiri
202 1194 326 1253 inferius
348 1195 430 1254 foras
458 1195 595 1270 similiter
621 1195 725 1273 ligato.
770 1195 876 1271 tacito,
904 1215 940 1253 ne
969 1194 1092 1271 papirus

75 1303 132 1360 per
157 1283 381 1361 colligationem
402 1303 457 1343 nec
478 1285 535 1343 hac
557 1303 612 1343 uec
633 1285 705 1343 illac
728 1284 805 1342 exire
833 1283 936 1359 possit.
962 1276 966 1366 l
991 1283 1090 1342 triduo
1116 1282 1221 1344 11o¹b

75 1373 127 1431 vel
161 1372 203 1430 sic
234 1373 394 1448 remittito,
427 1367 475 1431 4²⁰
508 1373 555 1431 die
588 1373 696 1433 solvito
729 1375 760 1432 et
790 1374 929 1448 papirum
961 1373 1090 1432 eximito

75 1461 140 1520 tale
167 1461 315 1520 collirium
337 1462 401 1520 tom
423 1462 557 1522 validum
581 1464 611 1520 et
632 1463 756 1538 longum
780 1462 918 1520 similiter
934 1465 970 1521 ut
987 1462 1091 1520 tardus
1110 1461 1148 1516 93

33 1573 60 1612 11
76 1550 182 1608 subiat
212 1568 266 1610 nec
297 1551 376 1609 exire
407 1551 511 1627 possit,
542 1551 682 1610 fasoiabis
714 1551 825 1625 locum,
856 1551 902 1609 tta
930 1553 966 1610 ut
996 1549 1092 1626 possit

73 1638 267 1698 munducare.
317 1640 407 1698 tertio
440 1640 487 1698 die
520 1640 627 1699 solvito
660 1659 700 1699 os.
754 1640 780 1698 si
810 1638 912 1698 fistula
942 1639 1090 1714 ceciderit,

75 1729 184 1787 curato
207 1728 386 1786 traumatico
410 1728 513 1787 diebus
536 1732 591 1787 4⁰¹.
629 1727 734 1788 deinde
757 1728 872 1787 collirio
896 1749 932 1787 ex
954 1727 1091 1786 melleet

76 1816 142 1876 ervi
171 1815 315 1891 pollinem
342 1817 496 1877 decoctum
523 1817 649 1877 subicies
679 1819 718 1876 ad
750 1818 841 1876 istam
874 1817 1090 1893 plenitudinem

74 1905 243 1965 foraminis.
289 1905 394 1964 deinde
418 1906 583 1983 cephalico,
610 1906 642 1965 id
670 1909 716 1966 est
742 1905 976 1981 anaplerotioum
999 1905 1031 1964 in
1055 1923 1089 1964 eo

32 2019 60 2057 ao
74 1995 203 2056 uulnere
225 1994 350 2070 inpones
373 2015 426 2070 per
449 1995 511 2054 dies
533 1996 642 2071 plures
688 2014 794 2054 sanum
815 1996 875 2053 fiet.

143 2082 233 2141 XVII
264 2084 309 2141 De
338 2084 440 2142 fistula
470 2103 590 2160 quoquo
619 2085 685 2143 loco
722 2087 803 2143 nuta.
848 2085 978 2160 primum
1009 2082 1090 2158 quod
1108 2077 1147 2136 94

73 2189 172 2249 genus
194 2171 326 2230 vulneris
345 2173 386 2230 sit
406 2171 516 2231 fistula.
553 2175 599 2232 est
621 2175 722 2232 autem
744 2173 860 2251 vulnus,
885 2172 964 2249 quod
981 2172 1089 2232 vulnus

72 2262 215 2320 foramen
240 2261 383 2336 pusillum
409 2260 501 2320 habet
528 2264 558 2320 et
584 2263 683 2321 locum
713 2264 839 2322 emicet
867 2263 963 2321 instar
990 2261 1088 2320 habet

72 2368 137 2409 non
162 2348 204 2407 sio
227 2349 316 2408 dolet
361 2349 441 2426 quod
463 2351 570 2410 vulnus
595 2369 710 2426 semper
731 2351 869 2410 humores
891 2351 999 2428 liquidi
1021 2369 1089 2426 pro-

32 2460 58 2500 se
71 2438 204 2496 fluentes
225 2457 286 2498 non
309 2439 431 2498 desinet.
478 2439 557 2515 quod
579 2439 713 2498 nascitur
735 2459 753 2498 a
776 2459 866 2499 nervo
893 2442 947 2498 aut
969 2439 1088 2498 cartila-

72 2527 147 2604 gine
171 2528 225 2584 aut
247 2526 284 2585 ab
304 2546 404 2587 ossum
421 2528 453 2586 in
474 2528 536 2588 alto
554 2530 703 2604 vexatum,
727 2529 806 2604 quod
828 2530 909 2588 inse
932 2529 1008 2587 talia
1026 2546 1088 2586 sca·

71 2615 171 2674 britia
192 2615 241 2673 vel
263 2636 299 2674 ex
318 2617 476 2692 spurcitias
493 2617 605 2676 habens
627 2637 688 2676 non
709 2619 923 2696 repurgarent
970 2636 1006 2675 ex
1028 2634 1088 2691 qua

72 2723 169 2765 causa
200 2704 339 2764 humores
367 2705 493 2764 interius
524 2707 698 2765 nutriuntur
730 2709 760 2765 et
791 2710 941 2766 currentes
973 2706 1004 2762 et
1035 2723 1089 2779 per

70 2794 185 2853 vulnus
214 2796 244 2852 et
270 2793 465 2853 limositatem
493 2797 524 2852 et
550 2795 750 2854 callositatem
777 2797 870 2855 totius
897 2793 1028 2855 vulneris
1055 2792 1088 2850 in

32 2907 57 2944 so
71 2882 202 2959 longum
223 2884 254 2940 et
275 2882 309 2940 in
332 2885 448 2942 eurtum
470 2883 593 2944 faciunt.
631 2903 706 2959 quae
731 2884 882 2944 callositas
904 2885 986 2942 fecta
1009 2881 1087 2940 coire
1106 2879 1143 2936 95

148 3015 241 3140 bVeq.
252 3017 352 3071 11126
368 3018 372 3088 ί
388 3014 637 3086 quomodocunque
656 3036 674 3071 a
693 3019 808 3073 librario
826 3017 957 3086 scriptum
975 3032 1029 3070 esse
1046 3016 1086 3070 oi-

70 3088 178 3169 ‘lemn
192 3093 208 3140 6
230 3087 298 3158 igue
314 3089 318 3158 Ι
334 3090 393 3169 Qut
405 3105 471 3212 fars
485 3087 545 3142 eius
560 3087 589 3142 in
604 3105 650 3143 ore
664 3091 749 3170 extet,
764 3104 849 3157 quam
863 3088 921 3142 lino
935 3086 1088 3169 diligenter

70 3158 194 3241 hgabrs‚
217 3175 253 3212 ne
275 3161 367 3228 poes1t
389 3159 477 3228 eab13
500 3176 566 3228 pars
589 3176 655 3214 vero
678 3159 747 3214 sons
771 3161 865 3228 exeat,
889 3175 962 3228 quae
984 3157 1087 3212 11111110-

68 3247 166 3284 minus
187 3229 406 3299 constringenda
429 3233 473 3284 est
494 3230 566 3299 lino,
588 3248 624 3286 ne
648 3232 732 3284 cadat
755 3231 816 3300 ch.
839 3231 849 3300 ΙΙ
876 3230 1086 3354 &pergerem

67 3319 120 3426 qrer
141 3300 311 3373 (fistulam)
331 3303 429 3383 exeat?
446 3301 457 3383 Ι,
470 3301 560 3372 ligato
580 3301 832 3371 ut?1114tardus:
852 3300 940 3355 artius
1005 3302 1009 3372 Ι
1030 3301 1085 3356 ool-

78 3372 232 3442 yriumque
257 3372 295 3454 ad
317 3371 524 3442 longitudrnem
549 3375 576 3426 et
597 3374 760 3427 cavaturam
773 3371 902 3455 ,vulneris
922 3372 959 3426 ad
977 3375 1086 3427 arctum

66 3442 961 3586 11111111111111111111191111
991 3445 1052 3515 ey.
1074 3443 1084 3515 Η
