2462 3906
184 133 250 200 282
371 133 654 189 MULOMEDIGINA
673 131 843 189 omacius
863 139 1002 191 aaa-945

108 284 165 342 942
251 284 592 344 medicamentorum
615 285 851 360 compositiones.
1209 268 1221 347 b

247 373 497 432 medicamentum
526 373 564 432 ad
593 375 718 434 vulnera
747 375 886 434 curanda.
932 375 1009 434 fecla
1036 371 1169 452 chal·
1210 413 1221 436 a

182 463 260 522 citen
281 480 307 551 p
330 461 355 538 Ι,
376 463 519 541 aerugine
541 463 641 538 pondo
663 465 776 522 sextan.
1209 442 1221 494 ‘¹

247 551 496 610 medicamentum
519 551 558 609 ad
579 552 795 628 vermioiosum‚
840 553 963 612 cadmea
986 551 1106 628 Caprea,
1122 549 1170 606 alu·

181 660 248 700 men
271 639 403 715 scissum
425 639 514 700 ficum
535 639 653 716 Afrum,
676 641 850 717 calciatos,
873 641 1007 700 bitumen
1030 639 1197 699 Iudaicums

247 729 496 790 medicamentum
514 729 553 788 ad
570 733 718 790 veretrum
736 731 762 788 si
779 749 950 806 percussum
967 730 1067 791 fuerit
1092 727 1171 787 oleum
1220 756 1221 811 3

180 819 211 878 in
238 819 333 878 ,solem
358 818 514 878 calefacito
542 822 572 876 et
599 819 788 879 commisceto
816 837 952 896 spumam
977 817 1094 897 argenti
1113 815 1171 874 bene
1209 842 1221 900 ᾗ

53 907 158 966 156'b
180 908 284 968 tritam
307 910 338 965 et
360 925 458 965 ceram
479 906 624 966 Punicam
643 901 648 984 Ι
669 910 700 966 et
719 908 822 967 vinum
840 911 926 967 vetus
944 909 975 966 et
993 927 1030 967 ex
1047 926 1081 966 eo
1097 903 1170 964 medi·

181 999 317 1058 camento
341 997 453 1056 curato.
1208 1008 1216 1093 j

105 1082 163 1139 943
247 1085 495 1144 medicamentum
523 1085 562 1144 ad
588 1085 712 1144 vulnera
734 1085 899 1164 purganda.
943 1085 1077 1144 berbasci
1099 1081 1221 1167 foliam}

180 1173 354 1234 contundito
378 1177 409 1232 et
432 1173 525 1232 salem
547 1173 703 1234 admiscito
727 1177 758 1233 et
781 1177 897 1234 acetum
915 1174 1070 1250 imponito.
1108 1169 1171 1229 idem
1220 1235 1221 1242 ἵ

180 1264 272 1323 faciet
295 1280 475 1338 cupressum,
497 1262 577 1324 idem
599 1263 791 1322 marrubium.
1220 1312 1221 1332 .

245 1351 284 1410 ad
307 1369 413 1410 ozenas
435 1351 691 1410 medicamentum.
723 1353 755 1410 in
774 1371 887 1431 vasum,
910 1352 991 1428 quod
1009 1353 1106 1411 oleum
1125 1366 1170 1406 non
1218 1339 1221 1430 f

177 1440 288 1518 tetigit,
311 1459 347 1500 ex
369 1442 452 1499 aceto
476 1459 544 1499 acro
569 1459 604 1500 eu
627 1440 723 1500 dilues
746 1445 777 1500 et
798 1441 924 1500 eundem
945 1441 1047 1500 uteris
1220 1489 1221 1506 ,

243 1529 316 1588 item
342 1529 589 1588 medicamentum
612 1529 651 1588 ad
673 1548 786 1590 ozenas.
823 1529 945 1590 cadmea
968 1528 1083 1590 Gallica
1103 1544 1125 1615 p
1143 1523 1170 1596 V,
1180 1537 1195 1578 1⁵
1218 1576 1221 1613 ἶ

178 1618 358 1678 sandaracae
383 1616 516 1678 Gallicae
537 1636 563 1707 p
585 1618 610 1694 Ι,
634 1619 759 1678 calciten
780 1633 855 1708 ps,
878 1619 949 1678 salis
972 1617 1098 1678 nostrati
1117 1612 1170 1703 pl
1220 1649 1221 1702 3

178 1707 255 1768 aceti
278 1708 358 1784 quod
380 1707 453 1765 satis
476 1709 529 1766 est.
575 1725 593 1765 a
617 1707 707 1767 crudo
729 1710 807 1767 teres
830 1710 862 1767 et
883 1707 915 1766 in
937 1707 1071 1782 pixidem
1091 1705 1169 1781 plun-
1220 1763 1221 1788 1

177 1797 264 1856 beam
286 1796 414 1872 reponio.
1220 1844 1221 1878 ἢ

104 1881 162 1937 944
248 1885 286 1946 ad
313 1903 427 1944 caenas.
471 1887 557 1944 rutae
584 1884 688 1944 viridis
711 1888 845 1944 nostrate
867 1885 956 1945 iollas
982 1903 1008 1974 p
1032 1884 1089 1960 111,
1113 1879 1169 1940 salis

179 1974 357 2032 ammoniaci
378 1972 437 2061 pl
459 1973 564 2032 misces
588 1976 619 2032 et
640 1976 718 2032 teres
742 1975 772 2033 et
794 1974 885 2033 facies
909 1974 1026 2034 collirio
1049 1973 1085 2032 ad
1104 1981 1194 2029 meu-a

179 2081 287 2122 suram.
332 2062 387 2122 hoc
420 2062 543 2121 siccabis
575 2064 605 2120 et
636 2062 769 2137 impones
802 2063 840 2122 ad
877 2063 1060 2140 suffragines.
1102 2075 1168 2119 cerac
1220 2117 1221 2120 ,

177 2161 274 2238 ρ-ῑη
300 2150 387 2227 adipe
408 2167 492 2238 p„
520 2151 615 2210 sulfur
636 2168 661 2239 p
682 2145 717 2226 k,
744 2151 877 2212 bitumen
900 2169 924 2240 p
946 2166 974 2232 a,
1002 2151 1093 2210 faecis
1111 2144 1169 2206 lotei
1220 2137 1221 2144 ¹

176 2253 251 2327 ps,
270 2238 328 2298 olei
345 2257 370 2327 p
389 2239 429 2314 II,
448 2258 550 2300 sucum
568 2234 683 2317 †cerde
701 2257 723 2318 p
741 2254 771 2316 s,
794 2240 859 2316 pice
882 2240 999 2316 liquida
1021 2257 1043 2320 p
1062 2240 1098 2299 Π.
1125 2237 1169 2294 hoc

177 2329 209 2386 in
231 2346 290 2387 uno
314 2328 443 2387 conteris
466 2331 555 2387 etex
577 2348 611 2387 eo
637 2328 762 2388 curabis.
1220 2359 1221 2412 3

244 2417 282 2476 ad
309 2417 492 2494 suffragines.
529 2417 620 2476 foecis
647 2421 725 2493 ps,
754 2418 898 2493 pollinem
920 2417 993 2494 ervi,
1015 2411 1194 2492 conspargisa

179 2527 214 2565 ex
236 2506 325 2565 melle
348 2509 378 2565 et
400 2505 526 2581 inponis
1220 2554 1221 2572 ,

103 2581 159 2638 945
245 2595 284 2654 ad
307 2595 490 2672 suffragines.
535 2595 685 2672 aeruginis
707 2613 729 2674 p
751 2595 775 2670 Ι,
801 2595 921 2654 alumen
943 2595 1051 2674 pia,
1077 2592 1167 2654 herbae

177 2703 281 2743 crucae
304 2701 326 2762 p
349 2698 379 2757 ς,
403 2685 524 2742 anetum
547 2684 627 2759 quod
650 2685 723 2743 satis
746 2683 811 2743 erit.
1220 2739 1221 2764 ¹

242 2773 491 2831 medicamentum
515 2773 553 2832 ad
575 2773 711 2850 uligines.
747 2773 820 2850 ium,
843 2775 1003 2849 verabum,
1026 2772 1117 2832 sulfur
1134 2767 1166 2826 vi·

177 2882 247 2922 vum
270 2862 376 2920 tritum
399 2864 429 2920 et
452 2862 639 2920 cribellatum
663 2881 698 2920 er
721 2864 805 2922 aceto
829 2860 956 2940 subigea
1174 2871 1191 2912 ³⁰

243 2951 491 3010 medicamentum
528 2950 567 3010 ad
602 2951 739 3028 uligines.
784 2951 854 3009 thus
890 2951 1056 3010 masculum
1085 2951 1165 3008 maun
1220 2961 1221 2983 ³

176 3040 250 3098 bene
274 3058 374 3098 cernes
398 3042 428 3098 et
449 3057 549 3098 rosam
572 3037 763 3115 Campanam.
1220 3049 1221 3052 ’

248 3207 369 3259 3extan
389 3209 398 3276 ΙΙ
429 3206 658 3262 4νθτωὶοἰοειιω
679 3233 713 3254 =
733 3207 951 3278 verminosuml
983 3204 1158 3264 sveraina

178 3281 193 3328 8
212 3275 354 3345 pumicem
367 3278 376 3345 ss
392 3283 424 3330 10
442 3277 572 3332 berbasci
586 3305 620 3324 π
633 3279 762 3333 verbasci
780 3281 789 3348 ΙΙ
808 3284 841 3333 14
860 3279 1025 3336 ediluescet:
1045 3295 1106 3335 corr.
1122 3271 1162 3338 ΒΓ
1220 3333 1221 3336 ,

179 3350 210 3396 17
231 3361 248 3397 a
268 3345 352 3399 crudo
371 3349 457 3402 teres:
482 3349 541 3402 acri
559 3356 604 3416 (sc.
625 3349 709 3417 aceti)
729 3352 855 3404 conteres
874 3351 902 3404 B
925 3352 934 3419 ΙΙ
957 3357 990 3405 19
1010 3351 1090 3405 folias
1104 3316 1163 3422 plll
1220 3379 1221 3388 κ

177 3415 218 3464 oet
235 3413 349 3492 Vleod.
372 3418 381 3483 ΙΙ
404 3422 438 3468 20
457 3419 611 3474 ermouiaci
633 3422 689 3490 {122
711 3420 778 3488 ndip
796 3423 837 3475 se'c
858 3421 863 3491 l
887 3421 956 3476 fecis
979 3423 988 3490 fl
1011 3427 1046 3476 23
1064 3417 1142 3475 cedri?
1155 3416 1162 3484 ,l
1220 3465 1221 3470 .

178 3487 211 3533 25
230 3481 299 3535 fecrs
317 3485 326 3550 11
346 3489 379 3536 27
399 3485 485 3540 herbo
503 3491 512 3557 ΙΙ
533 3495 565 3542 29
584 3490 643 3543 ium
662 3517 695 3536 =
714 3489 759 3546 ἰόν
776 3493 786 3560 ΙΙ
804 3497 838 3545 30
858 3491 951 3564 abiges
969 3494 1010 3548 sic
