2474 3910
206 187 486 244 MULOMEDICINA
505 187 675 243 CHIRONIS
693 194 834 244 621—624
959 187 1023 252 199

91 339 210 398 XXXIII
232 338 265 397 Si
282 340 331 398 eui
348 339 481 398 iumento
503 338 535 396 in
553 339 627 414 pede
650 337 748 414 priore
771 339 803 396 in
825 332 890 415 ipse
913 358 1022 399 eorone
1041 341 1100 397 osl

42 429 162 488 tumorem
183 448 325 506 magnum
347 431 378 486 et
405 428 512 486 durum
535 431 565 487 et
588 448 678 503 quem
695 427 783 486 valde
806 428 1022 488 claudicantem

41 516 170 576 invenen's.
216 517 290 576 seire
313 519 413 576 eutem
437 516 524 575 debes
547 535 655 592 perse
678 516 734 575 hoe
757 517 924 595 contigisse.
965 518 1022 578 boe

41 605 189 683 plerumque
213 607 255 666 eis
278 605 427 684 contingit
448 605 480 664 in
502 605 651 681 prioribus
674 605 807 681 pedibus.
853 625 922 664 nem
944 627 1022 665 mer·

23 699 124 754 tnoret
136 696 268 770 durities,
291 715 366 770 quse
386 694 525 754 videntur
543 713 614 770 esse,
633 696 776 753 curantur
794 694 843 753 sie.
880 712 1021 753 eouuzem

39 783 134 844 bieebis
157 788 187 844 et
210 788 343 844 conteres
367 786 397 842 et
420 783 662 860 eeteplasmebis‚
690 786 744 842 aut
771 783 899 842 cinerem
921 782 1021 857 vitigi-

38 889 102 930 neum
122 893 187 932 oum
216 875 299 932 seete
328 876 380 931 eut
405 872 531 932 hederae
560 873 633 932 folia
654 872 802 948 ,similiter
831 872 959 931 oonteris
991 875 1022 930 et

38 962 250 1037 cataplasmabis.
286 961 401 1020 feoinnt
420 965 519 1020 eutem
538 961 576 1019 ad
598 962 654 1020 hoo
672 961 781 1020 vitium
804 961 924 1020 ethaeo
942 977 1020 1020 eom-

36 1050 182 1122 positiones.
214 1042 308 1110 selem
327 1055 357 1110 et
375 1095 381 1108 .
397 1093 426 1109 ..
446 1054 588 1125 conteres,
610 1069 704 1126 nsque
719 1051 812 1110 donee
831 1050 870 1109 sit
884 1049 1020 1126 spissum
1039 1051 1098 1105 622

20 1149 41 1194 ⁰.
55 1184 60 1195 .
75 1185 80 1197 .
96 1141 197 1199 deinde
217 1141 315 1216 ipsum
337 1140 443 1215 losum,
468 1139 519 1215 qui
542 1142 645 1198 tumet.
687 1139 729 1198 sio
751 1139 783 1197 in
805 1139 892 1197 illum
914 1137 1021 1197 linteo·

35 1225 80 1286 lun
98 1230 224 1289 induces.
271 1230 339 1287 ente
358 1232 458 1288 temen
481 1227 597 1287 oursbis
620 1228 668 1286 die
692 1249 769 1304 equs
792 1228 889 1287 oelide
911 1229 1021 1287 fovere.

35 1318 137 1377 maxime
160 1323 262 1378 eutem
284 1319 340 1377 hoo
364 1317 445 1393 equis
467 1317 500 1375 in
518 1317 658 1394 gregibus
681 1317 838 1395 contingit.
883 1317 919 1375 fit
941 1317 1022 1375 enim

34 1403 135 1466 durities
156 1426 269 1485 magne
288 1410 318 1466 et
336 1425 388 1482 pes
406 1406 538 1465 tumidus
556 1406 657 1482 valde,
681 1407 705 1464 si
732 1405 875 1482 negliges.
918 1405 1020 1465 ambu-

34 1491 79 1552 lare
98 1516 154 1556 non
177 1497 290 1572 poterit
313 1496 365 1554 sed
387 1513 441 1554 neo
464 1495 500 1553 de
523 1495 597 1554 elios
617 1540 624 1553 .
643 1543 649 1555 .
671 1540 677 1552 .
697 1495 834 1570 quotiens
858 1493 936 1552 enim
959 1497 1021 1554 stet

19 1584 172 1659 septusis
190 1605 236 1661 se,
259 1604 378 1661 surgere
401 1603 461 1643 non
483 1587 591 1659 potest.
628 1603 688 1643 non
707 1584 831 1658 durent,
854 1583 1021 1658 perieulum

33 1670 93 1732 vitoe
106 1675 228 1734 faciunt.
256 1677 286 1732 et
303 1674 335 1732 hi
354 1672 421 1748 equi
435 1675 561 1748 possunt
578 1675 687 1746 temen,
705 1672 737 1729 hi
757 1671 808 1747 qui
829 1670 1020 1748 curabuntur,

32 1762 50 1816 si
67 1763 148 1821 selem
172 1783 242 1822 eum
264 1763 351 1820 melle
376 1763 428 1820 sut
450 1761 547 1837 pioem
570 1780 637 1820 oum
660 1761 721 1820 sele
743 1760 837 1818 mixte
860 1759 996 1835 imponis.

80 1851 200 1910 XXXIV
225 1851 257 1910 si
280 1851 360 1928 quod
377 1851 543 1909 iumentum
560 1850 592 1908 in
610 1851 716 1926 pedem
733 1849 863 1925 priorem
882 1867 1019 1907 sosurum
1037 1849 1097 1906 623

32 1937 122 1998 laetum
151 1940 260 2015 fuerit,
293 1940 334 1999 sio
367 1939 492 1999 curabis.
542 1939 671 2015 depones
701 1939 882 2014 iumentum,
915 1935 1019 1996 deinde

18 2023 108 2101 lipsum
140 2029 263 2106 pedem,
300 2031 339 2089 ecl
373 2045 491 2104 gressus
526 2028 670 2106 ungulam
711 2028 877 2103 componis,
915 2027 1019 2086 deinde

31 2115 170 2194 religatum
198 2118 304 2193 pedem
330 2119 396 2177 loro
426 2117 458 2175 in
484 2121 565 2176 reeto
593 2117 652 2176 dno
679 2118 790 2175 tenent.
837 2135 926 2192 super
948 2117 1020 2175 erti-

31 2204 109 2266 eulum
131 2210 232 2267 entem
256 2207 402 2283 aperiebis
425 2209 455 2265 et
478 2206 513 2264 de
536 2205 633 2264 tribus
655 2205 754 2264 nervis
778 2223 866 2281 super
893 2206 1020 2264 alterum

30 2290 91 2354 intro
117 2295 310 2356 haerentibus
338 2316 432 2354 unum
460 2295 631 2353 medianum
657 2296 834 2354 ferramento
864 2295 1020 2371 praesidis,

31 2381 60 2439 sie
84 2404 116 2444 ne
147 2387 260 2445 alteros
289 2403 396 2444 nervos
426 2381 535 2442 laedas.
586 2403 654 2442 eum
680 2383 824 2461 ungulum
856 2386 1019 2442 eorreetem

16 2469 131 2551 luderis,
155 2477 241 2534 seeto
261 2478 291 2533 et
309 2475 374 2534 oleo
393 2472 559 2547 delevebiS,
580 2473 711 2531 muterie
734 2473 837 2531 eodem
855 2471 920 2531 loeo
940 2474 1020 2530 setu-

30 2563 78 2618 rste
98 2567 181 2623 aceto
205 2563 400 2640 snbeolesbis,
429 2561 533 2620 deinde
561 2562 645 2620 lenas
673 2561 789 2619 suoides
817 2560 941 2619 satietas
963 2559 1019 2616 im·

29 2663 100 2720 pones
123 2656 154 2712 et
176 2651 317 2711 fesoiabis
335 2650 503 2730 diligenter.
535 2669 624 2726 super
642 2650 750 2709 fascias
768 2649 886 2727 regulas
904 2647 1015 2724 tiliagi·
1035 2647 1095 2704 624

30 2753 82 2797 neos
101 2742 255 2818 imponere
279 2740 404 2800 curubis
441 2739 551 2799 solvito
573 2739 746 2797 iumentum.
782 2738 845 2797 noli
867 2737 930 2812 peti
951 2756 1018 2794 enm

29 2821 77 2898 ipso
97 2830 172 2906 pede
194 2825 372 2889 inoumbeie.
409 2828 498 2888 tertio
518 2847 635 2903 quoque
659 2827 705 2886 die
729 2827 837 2887 solvito
857 2828 887 2884 et
904 2826 1018 2884 fumen-

16 2915 76 2973 lteto
98 2923 180 2980 sesto
210 2922 240 2978 et
268 2920 343 2978 oleo.
395 2917 438 2976 its
468 2916 599 2992 oursbiS,
630 2916 706 2975 sient
735 2915 869 2992 superius
899 2915 1019 2973 demon·

29 3005 109 3065 stravi.
155 3006 261 3067 deinde
285 3008 332 3066 die
354 3006 523 3066 intermisso
547 3006 672 3081 solvito,
701 3004 879 3063 tranmetieo
902 3002 1020 3062 curabis

82 3200 97 3248 4
115 3195 272 3265 conlegisse
299 3197 309 3264 ΙΙ
336 3200 351 3248 5
377 3210 563 3250 eommuzem:
582 3219 616 3239 =
629 3191 751 3256 κόνυζαν
771 3194 780 3260 ΙΙ
808 3196 824 3245 6
842 3207 880 3260 sq.
899 3190 1020 3261 vitiligi-

27 3259 60 3313 nis
77 3265 86 3332 ll
108 3271 121 3318 7
140 3266 208 3321 here
230 3269 239 3336 ΙΙ
262 3265 376 3338 9<mel
395 3268 445 3320 aut
461 3264 592 3337 picem>?
611 3265 646 3330 ef.
662 3264 679 3317 l.
694 3267 731 3316 17
748 3265 757 3332 ΙΙ
777 3268 809 3316 11
830 3261 990 3317 diezdeB
1008 3267 1019 3327 u

28 3335 52 3382 12
64 3335 120 3402 quis
133 3340 143 3408 ΙΙ
159 3343 191 3390 13
207 3336 313 3391 durieie
326 3353 428 3407 magne
442 3339 451 3406 ΙΙ
466 3343 500 3390 14
513 3335 659 3409 <pedes>?
673 3336 683 3404 ll
697 3339 730 3388 16
744 3333 791 3388 hie
809 3331 870 3403 qui:
889 3349 956 3388 cmv.
967 3334 995 3387 Β
1009 3334 1018 3405 Η

28 3405 52 3452 ll
71 3405 92 3459 ei
109 3409 174 3462 edd.
193 3409 221 3462 Β
247 3410 257 3477 i
284 3413 318 3461 20
343 3407 379 3461 sd
402 3424 514 3478 gressus
537 3407 578 3461 B:
607 3407 657 3460 eut
681 3421 802 3473 cressus;
831 3403 867 3458 sd
890 3421 1018 3474 pressum

26 3486 101 3541 lepre
111 3483 148 3532 24
162 3485 171 3548 11
185 3486 218 3533 23
237 3479 437 3534 ferramentum
450 3480 460 3548 i
473 3484 508 3532 24
525 3493 577 3531 neo
590 3480 600 3548 ΙΙ
614 3483 647 3531 25
665 3476 782 3534 mutari:
797 3503 831 3522 =
844 3475 995 3530 moterium
1009 3478 1018 3548 l}

27 3546 52 3595 30
68 3551 203 3618 superius:
221 3552 255 3618 ef.
275 3555 331 3606 596
