2474 3910
179 143 243 206 248
368 141 650 198 MULOMEDIOINA
668 141 838 198 cfflRONIs
857 148 996 197 ooo-soi

58 295 161 353 149'a
179 277 301 352 numero
324 292 363 351 H.
408 293 481 351 haee
510 294 609 352 omnia
635 294 667 351 in
694 312 754 352 uno
778 289 986 373 oommisoiiol
1012 296 1043 352 et
1066 294 1105 350 in
1128 293 1198 351 lana
1234 383 1235 396 χ

178 382 314 458 perducis
337 383 368 440 et
391 401 480 458 super
502 382 620 441 oeulum
641 383 765 442 inducis.
1234 441 1235 450 ,

103 469 160 526 804
246 471 398 530 olauooma
420 472 446 530 si
466 471 535 546 erit,
563 472 738 549 sanguinem
761 471 898 530 detrahes
916 490 935 529 a
953 471 1145 548 temporibus
1169 476 1198 529 et

180 577 258 634 aqua
281 559 368 618 ealda
386 559 485 619 foveto
509 561 540 618 et
562 563 667 636 postea
685 561 822 638 inungiio
842 561 968 620 ooulum.
1004 561 1109 619 thuris
1128 561 1198 619 lecti

181 649 261 724 quod
291 649 364 707 salis
396 652 455 724 esi,
479 667 545 707 oum
568 650 641 707 nitu·
673 668 777 725 spuma
807 649 968 725 contemto,
999 649 1108 708 addito
1140 650 1224 708 oleis

180 737 298 796 veteris
345 737 586 813 quamprimum
608 739 736 797 maxime
759 738 860 798 uteris.

247 828 278 884 in
302 827 389 886 oculo
412 824 498 884 albor
519 827 545 885 si
576 828 633 886 eiii
656 847 691 885 ex
721 826 855 902 qualibet
882 845 984 902 eausa,
1015 826 1056 885 sio
1082 829 1197 884 curato.

181 915 342 974 medullam
379 915 415 973 de
455 914 588 974 eruribus
628 916 748 975 eximito
781 915 939 976 verbioinis
977 917 1008 973 et
1039 915 1197 992 inungeto.
1235 983 1236 987 Ἰ

181 1004 292 1082 ffigida
305 1003 414 1063 foveto.
447 1003 498 1062 sed
512 1004 538 1063 si
552 1004 653 1063 album
667 1023 755 1080 super
770 1004 937 1080 ...aliquid
950 1003 1050 1082 fuerit,
1064 1004 1198 1063 medioa-

180 1094 282 1152 menio
305 1093 422 1151 erooino
444 1094 537 1151 utere.
582 1095 627 1152 ita
650 1111 755 1152 sanum
777 1093 836 1154 fiet.
1208 1111 1224 1152 o

103 1183 161 1240 805
247 1181 285 1239 ad
300 1181 400 1240 oeulos
417 1181 500 1240 albos
522 1184 552 1240 el
572 1182 611 1240 ad
625 1182 807 1240 olauoomam
825 1181 1067 1250 xerobtslmioon,
1092 1181 1197 1239 hirun-

180 1270 257 1328 dinis
280 1270 380 1346 oapita
410 1269 589 1345 comburito,
612 1270 667 1330 flos
694 1271 801 1330 mimae
825 1289 914 1347 quam
937 1270 1085 1346 optimae,
1109 1271 1196 1328 nardi

180 1358 304 1436 Syriaci,
319 1360 549 1434 uniuscuiusque
558 1358 674 1435 pondus
685 1360 787 1419 obolos
804 1357 865 1436 [ex]
876 1362 976 1418 ternos
991 1359 1023 1416 in
1036 1377 1099 1416 uno
1109 1362 1195 1417 teres

247 1447 285 1506 ad
326 1448 444 1506 oculum
484 1448 585 1506 album
625 1448 836 1508 xerobtalmias
874 1449 935 1507 sive
979 1448 1017 1506 ad
1057 1451 1195 1523 aspreta·

180 1536 279 1594 dinem
302 1537 463 1595 oculorum.
503 1537 594 1596 nitrio
622 1538 698 1596 oooti
724 1538 833 1596 veteris
859 1537 963 1596 florem
995 1536 1076 1612 quod
1104 1537 1222 1595 teritos

180 1627 211 1683 ei
233 1625 265 1683 in
288 1625 412 1684 eundem
436 1644 547 1700 aquam
569 1626 665 1684 mittis
689 1628 718 1684 ei
741 1627 805 1686 leve
828 1627 930 1685 uteris.

104 1717 163 1774 806
249 1714 366 1773 ooulare
380 1715 421 1773 oo
434 1715 548 1790 epiiora
563 1718 593 1774 et
605 1734 784 1790 percussum.
807 1733 925 1773 murrae
937 1713 1037 1790 pondo
1051 1732 1080 1761 -ι
1095 1760 1103 1790 ,
1118 1713 1193 1772 orooi

182 1803 280 1877 pondo
301 1823 329 1881 ς,
353 1804 451 1878 spioae
474 1803 560 1861 nardi
583 1805 681 1879 pondo
702 1824 731 1882 ς,
754 1803 939 1879 apobalsami
961 1802 1061 1879 pondo
1083 1822 1115 1880 p,
1134 1801 1192 1861 licii

179 1892 280 1966 pondo
301 1910 329 1968 ς,
351 1892 449 1953 mellis
471 1892 567 1951 Attici
590 1893 689 1968 pondo
712 1892 798 1951 libra.

246 1981 398 2039 olauooma
435 1980 460 2040 si
496 1981 635 2040 habuerit
670 1982 701 2040 in
736 1981 835 2040 media
870 1981 1002 2056 pupilla,
1044 1980 1219 2055 quomodou

179 2067 309 2126 oili-ium.
363 2069 414 2144 qui
444 2089 512 2129 oum
542 2070 710 2149 suffuderit,
747 2070 895 2146 quomodo
926 2071 1060 2128 olaueum
1091 2069 1187 2127 facito.

180 2173 246 2214 oum
270 2157 305 2215 de
329 2157 447 2216 stabulo
469 2158 602 2232 prodisse
634 2159 754 2234 incipit,
786 2159 937 2218 sublatum
969 2162 1060 2233 eaput
1093 2157 1187 2226 faciet,

179 2245 339 2321 palpebrae
353 2247 416 2306 eius
432 2291 474 2305 ...
490 2247 620 2306 velocius
634 2247 770 2306 ambulat
783 2251 814 2306 et
827 2247 916 2323 pedes
935 2247 973 2305 ad
988 2265 1074 2306 usum
1088 2247 1185 2304 iaciat

179 2334 235 2393 hoo
258 2334 419 2393 diffieiliier
441 2338 572 2394 sanatur.

103 2429 161 2485 807
248 2423 299 2482 sed
321 2423 346 2482 si
368 2442 540 2499 pereussum
562 2425 653 2483 fuerit
675 2427 729 2483 aut
751 2424 851 2482 album
874 2425 906 2482 in
929 2425 1015 2483 ooulo
1043 2422 1215 2493 habuerit‚u

179 2513 289 2571 sumito
312 2513 411 2588 sepiae
433 2513 566 2571 maiinae
589 2532 688 2573 ossum
707 2515 737 2571 ei
757 2513 855 2571 redito
879 2514 973 2572 oiatos
995 2513 1051 2587 ΙΠ,
1073 2527 1183 2570 murrae

147 2625 149 2630 ’
181 2598 236 2678 [ei]
257 2601 403 2678 uigoniia
417 2602 510 2661 oiaios
524 2602 564 2677 Π,
586 2603 698 2678 piperis
717 2601 776 2660 albi
797 2603 891 2661 oiatos
910 2601 965 2660 HI.
997 2599 1182 2660 haecomnia

177 2689 208 2746 in
227 2709 287 2748 uno
311 2693 453 2766 conteres,
476 2691 569 2750 donee
591 2691 656 2750 leve
679 2691 741 2767 fiat,
765 2693 795 2749 et
816 2691 959 2750 admisces
978 2690 1075 2748 mellis
1092 2687 1180 2747 Auci

180 2779 297 2854 pondus
321 2781 498 2856 competens.

246 2870 298 2925 aut
307 2869 333 2926 si
342 2868 480 2927 habuerit
489 2869 656 2927 oioatrioem
663 2868 695 2926 in
705 2868 799 2943 oculo,
810 2868 918 2927 sumito
930 2867 1061 2926 medulla
1070 2865 1177 2925 cervina
1190 2879 1213 2920 u

178 2956 226 3015 vel
243 2956 401 3016 verbeoo'oo
421 2958 457 3015 de
481 2957 614 3017 muribus
639 2957 677 3016 ad
697 2959 825 3032 quatuor
850 2958 880 3015 el
902 2957 1054 3016 oooodn'lli
1075 2958 1176 3013 stemus

249 3096 265 3144 5
280 3089 348 3144 nitri
357 3091 398 3145 ool
411 3089 485 3144 inter
498 3089 555 3144 eod.
570 3091 579 3159 ll
594 3092 638 3145 ei.
647 3109 667 3146 e.
685 3089 708 3144 si
723 3091 827 3160 albugo
842 3106 926 3160 super
940 3090 1018 3150 aliud
1032 3088 1124 3143 viuum
1134 3084 1173 3136 in·

178 3160 280 3215 ciderit
293 3161 321 3214 B
344 3161 412 3231 (coll.
425 3162 441 3215 l.
452 3164 499 3231 25)
520 3163 529 3230 ΙΙ
551 3168 581 3214 11
601 3177 661 3215 sero
679 3161 862 3217 obtalmioon:
881 3188 914 3207 =
933 3153 1168 3230 §opoodalpaulv'

179 3237 213 3284 14
227 3248 287 3286 sero
302 3231 514 3304 obtalmias1l15
529 3233 605 3300 quod
616 3232 714 3288 terito:
730 3233 867 3288 conterite
877 3239 926 3287 aut
935 3233 1032 3301 quadr.
1046 3229 1120 3285 serito
1129 3196 1166 3289 Bi

180 3308 212 3356 16
227 3319 312 3370 quam
325 3305 334 3372 ll
350 3308 382 3356 1⁷
400 3302 436 3356 ad
453 3303 552 3357 addidi
565 3305 574 3373 [1
588 3309 620 3356 21
642 3303 766 3360 nitidum:
788 3305 822 3369 os.
841 3321 928 3373 supra
943 3321 973 3373 p.
990 3304 1088 3369 175‚12
1105 3299 1171 3370 losu-

179 3389 241 3425 eum
254 3372 706 3446 1100111112200001100101Β1123
721 3375 885 3447 ambulanti
902 3391 919 3429 a
933 3391 1029 3428 susum
1039 3371 1117 3426 iaciat
1126 3366 1152 3418 B

179 3448 214 3493 24
224 3441 436 3513 (1111101111011125
446 3460 532 3512 supra
546 3448 659 3507 536126
675 3463 770 3500 murra
779 3446 788 3516 Η
797 3451 831 3499 30
845 3447 877 3499 ia
886 3462 970 3516 mocp.
986 3445 1020 3499 de
1034 3438 1146 3498 cicatrice
1163 3436 1168 3508 i

179 3513 214 3576 cf.
229 3511 322 3578 Peleo.
338 3515 392 3564 418
408 3513 412 3580 1
429 3514 490 3565 aut:
506 3516 538 3566 at
551 3514 579 3565 B
592 3516 602 3582 ΙΙ
616 3520 648 3567 31
668 3515 850 3571 verbenaeia:
863 3533 931 3571 ooor.
946 3517 974 3569 R
