2462 3906
187 134 252 198 276
374 132 655 188 MULOMEDIOINA
674 131 845 188 OHIRONIS
865 137 1004 186 ere-eac

186 284 277 342 facies
305 286 335 342 et
362 284 461 342 oleum
487 283 642 342 mirtinum
670 283 767 342 addes.
814 303 849 342 ex
870 283 917 342 his
941 283 1072 341 omnibus
1090 281 1165 356 lippa·

186 391 251 431 ram
274 372 499 432 consummabis.
1218 417 1219 440 ,

112 460 169 516 als
255 461 404 537 lipparam
436 461 474 519 ad
507 461 608 521 omnia
640 461 764 520 vulnera
796 463 827 519 et
864 461 1041 520 adustiones.
1086 475 1165 534 spuma
1218 451 1219 489 ³

186 551 304 627 argenti
331 567 357 638 p
380 549 470 628 libra,
501 568 620 614 cer-usae
643 549 756 608 Rodiae
785 567 810 638 p
838 563 874 624 ς,
903 549 1084 625 pompholioe
1108 549 1168 635 pi,
1218 574 1219 577 ¹

187 638 336 716 aeruginis
365 656 390 727 p
418 639 446 713 Ι,
481 639 577 714 adipis
610 639 731 698 suillum
764 638 891 698 recentis
919 655 944 727 p
972 637 1018 713 H,
1047 635 1167 696 medullae
1187 635 1219 694 5³

186 728 321 788 cervinae
348 744 373 816 g)
396 727 487 802 libra,
515 727 574 786 olei
600 727 715 786 mirtini
742 727 822 804 quod
845 727 919 787 satis
942 727 1041 805 fuerit,
1063 725 1117 785 viui
1136 723 1169 781 Si-

64 817 167 876 155'a
189 817 251 876 culi
274 816 353 893 quod
375 835 479 891 capere
501 818 608 891 potest.
630 808 634 896 l

254 905 405 981 lipparam
444 905 681 964 thermanticam.
736 905 877 964 aluminis
917 922 942 993 p
977 919 1014 978 3,
1048 901 1170 962 medullae

186 995 322 1054 cervinae
344 1011 366 1072 p
390 993 414 1068 1,
441 993 539 1052 thuris
561 993 673 1069 polline
697 1011 719 1072 p
742 993 765 1069 I,
796 1011 918 1070 spumae
941 994 1059 1072 argenti
1084 1011 1115 1067 ε,
1131 990 1170 1048 bu·

186 1083 238 1142 tiri
269 1100 294 1171 p
322 1083 350 1156 1,
382 1081 479 1158 adipis
516 1082 597 1140 suilli
630 1101 721 1158 quam
751 1082 929 1142 veterissimi
961 1082 1043 1159 quod
1076 1078 1219 1142 sufficitis

190 1172 290 1232 omnia
312 1171 386 1229 bene
408 1171 482 1229 trita
505 1171 617 1248 subigis
641 1171 715 1231 oleo.

114 1260 172 1316 920
257 1260 411 1318 caustici
437 1259 682 1336 compositionem
710 1260 748 1319 ad
770 1279 907 1320 verrucas
933 1257 1108 1336 [causticum
1126 1275 1172 1316 oru-

188 1349 258 1407 dum
276 1348 315 1406 ad
332 1345 494 1425 verrucas].
531 1349 620 1408 calcis
643 1349 705 1408 vivi
723 1366 745 1427 p
764 1348 793 1424 Ι,
816 1349 893 1408 feola
912 1348 1014 1425 Spana
1031 1366 1054 1428 p
1072 1349 1095 1426 Ι,
1115 1345 1172 1406 auri·
1218 1348 1219 1351 ’

187 1438 333 1514 pigmenti
346 1437 445 1513 pondo
459 1440 567 1496 sestan.
604 1438 677 1497 haec
697 1439 797 1497 omnia
815 1440 892 1498 teres
908 1459 943 1497 ex
957 1439 1055 1498 cinere
1068 1435 1172 1496 lixiviae.

253 1526 326 1584 item
350 1526 432 1585 aliud
454 1527 616 1602 stipticum.
653 1528 764 1586 calcem
782 1527 880 1586 vivam
903 1521 1219 1615 pI,nit1iumpL1⁵³

188 1616 388 1674 atramentum
407 1615 581 1674 autoricium
602 1633 627 1704 p
647 1614 680 1691 5,
703 1615 799 1675 cinere
817 1615 921 1676 lixivia
943 1616 1023 1692 quod
1041 1615 1110 1675 satis
1125 1611 1172 1670 erit.

255 1705 418 1763 causticam
447 1704 527 1780 quod
554 1704 615 1764 sine
643 1705 722 1764 ferro
749 1704 854 1780 aperit.
904 1705 981 1764 tecla
1010 1708 1094 1764 cocta
1117 1699 1173 1790 pL

189 1793 278 1852 calcis
300 1793 354 1853 flos
377 1810 399 1871 p
422 1793 446 1868 1,
469 1793 597 1852 cinerem
619 1812 654 1851 ex
678 1793 816 1869 caprofici
838 1793 937 1852 radice
956 1811 981 1882 p
998 1794 1023 1870 Ι,
1041 1793 1110 1852 nitri
1124 1809 1141 1870 p
1153 1785 1172 1850 3.
1214 1821 1219 1826 r

189 1883 262 1942 haec
285 1881 385 1942 omnia
407 1881 512 1940 misces
535 1883 690 1941 exciuere
713 1882 826 1941 lixivia.

115 1968 171 2024 921
258 1971 421 2031 causticam
444 1970 482 2029 ad
504 1989 641 2030 verrucas
659 1970 814 2030 tollendas.
856 1970 979 2029 herbam
997 1967 1219 2038 melidoniann'

189 2059 348 2134 rubricam,
372 2060 461 2118 calcis
483 2059 547 2135 flos,
569 2060 658 2134 laser,
681 2061 798 2118 acetum
821 2060 1014 2118 aorissimum.
1056 2080 1091 2118 ex
1107 2055 1174 2116 eoin
1218 2062 1219 2093 ³

191 2166 348 2207 verrucam
370 2149 548 2224 componite,
571 2151 642 2208 ante
664 2149 765 2208 tamen
788 2148 963 2208 scarificato.

257 2236 420 2295 causticum
434 2237 473 2294 ad
485 2255 632 2296 verrucas.
654 2236 776 2295 herbam
790 2237 1002 2296 centunculum
1016 2239 1078 2296 et..
1088 2251 1174 2296 ..com-

190 2325 322 2385 miscetc.
361 2325 466 2384 hocin
483 2345 637 2385 verrucam
655 2326 809 2402 imponito,
832 2345 941 2401 aquarn
959 2346 996 2384 ne
1014 2324 1142 2403 teligeris
1218 2341 1219 2344 ’

258 2414 421 2474 causticam
439 2414 563 2474 crudum
581 2415 772 2474 ordinarium.
809 2413 897 2474 calcis
915 2415 1003 2474 vivae
1021 2433 1043 2494 p
1061 2415 1101 2489 11,
1116 2409 1198 2470 falco

192 2502 293 2580 Spana
315 2521 336 2582 p
355 2501 399 2579 H,
422 2503 636 2581 auripigmenti
658 2521 680 2582 p
699 2503 727 2578 Ι,
750 2503 831 2563 iasar
852 2519 874 2582 p
894 2503 921 2581 1,
944 2504 1108 2564 calcantem
1126 2495 1173 2578 pL
1218 2501 1219 2533 ³

189 2593 315 2651 caloiten
338 2592 523 2651 combustum
540 2610 562 2670 p
580 2591 604 2666 I,
628 2592 769 2670 aerugine
787 2609 809 2670 p
828 2592 866 2666 Π,
889 2593 931 2651 fel
949 2593 1098 2652 taurinum
1113 2606 1131 2668 p
1145 2584 1173 2656 fl,

190 2680 318 2740 cinerem
340 2680 479 2756 caprofici
501 2681 654 2741 deradice
677 2682 749 2768 ΕΞ.
785 2682 841 2740 hoc
859 2681 1023 2741 macerabis
1042 2701 1075 2740 ex
1093 2677 1173 2738 eodem
1217 2687 1219 2698 ¹

191 2770 319 2829 cinerem
341 2770 472 2828 lixivam.

11 2913 12 2916 ,
115 2856 173 2912 922
258 2858 422 2918 causticam
449 2857 488 2916 ad
516 2877 661 2918 verrucas.
712 2858 800 2918 calcis
829 2858 883 2918 flos
912 2876 937 2946 p
965 2858 993 2934 1,
1021 2857 1104 2918 calcis
1127 2847 1219 2911 vivia

189 2947 256 3036 pI,
278 2949 431 3006 veratrum
453 2947 601 3006 minutum
622 2965 647 3036 p
666 2947 704 3005 Π.
741 2947 814 3007 haec
837 2950 924 3022 teres,
948 2967 984 3006 ex
1006 2947 1103 3006 lixivia
1122 2958 1171 3002 eov-
1218 2971 1219 2976 ¹

191 3054 312 3114 sparges
336 3037 367 3093 et
389 3037 431 3096 sic
453 3035 596 3111 impones.
1218 3059 1219 3064 ¹

258 3143 376 3184 aarum
399 3125 739 3184 medicamentorum
762 3124 1000 3201 compositiones.
1046 3119 1170 3182 decut-
1218 3123 1219 3126 ’

190 3213 271 3272 ridas
303 3213 345 3272 sic
376 3231 541 3289 compones
587 3213 667 3272 eruci
698 3232 798 3273 semen
828 3213 927 3289 pondo
959 3213 993 3288 3,
1029 3205 1169 3272 cantandas

262 3421 295 3468 14
313 3418 394 3469 eatan
415 3418 425 3484 ΙΙ
448 3422 481 3470 20
501 3417 705 3472 chelidoniam?
728 3420 737 3488 l
759 3422 792 3470 21
812 3415 952 3472 lubricam
978 3421 987 3486 [Ι
1015 3422 1047 3470 24
1065 3407 1150 3483 tegeris
1163 3403 1169 3472 i
1218 3411 1219 3418 ’

190 3490 224 3536 33
244 3484 292 3537 dia
310 3485 470 3539 cantaridas
