2470 3902
189 149 232 212 96
377 145 659 203 MULOMnmoINn
678 145 851 202 omacius·
866 153 1005 202 320-322

187 299 285 356 oleum
308 297 392 356 dubis
415 297 463 356 vel
486 317 568 357 nunc
590 317 644 374 per
670 316 702 356 os
730 317 797 356 eam
823 299 988 374 potionem,
1016 317 1089 373 quae
1113 297 1186 354 infra

187 402 209 447 s,
229 407 251 446 e.
275 390 327 445 est.
374 387 511 444 similiter
533 390 568 446 'et
591 387 694 445 eadem
716 388 856 445 unctione
883 387 962 444 infra
985 387 1093 462 scripta
1115 387 1186 444 inter

187 476 310 534 alternis
338 474 440 534 diebus
469 476 576 552 uteris,
602 478 638 534 ut
664 476 790 534 insudet.
836 476 883 534 cui
913 477 1035 534 ordeum
1061 475 1186 534 molitum

109 563 168 620 320
187 577 254 624 cum
281 565 394 622 firrtine
421 564 547 622 mixtum
574 564 659 623 edere
687 565 785 640 dabis,
815 565 908 623 donec
934 582 1024 624 sanus
1052 565 1098 623 sit
1141 563 1185 622 alii
1226 535 1227 612 l

187 654 307 730 quidem
329 653 468 712 dixerunt
490 671 539 712 eos
563 657 699 729 oportere
722 672 790 712 aere
813 653 951 712 candenti
974 654 1006 710 in
1025 671 1114 712 arena
1135 652 1186 711 col·
1205 669 1227 724 s¹

122 765 129 777 ‘¹
186 744 282 820 ligata
307 741 445 817 obruere,
476 743 521 800 ita
547 745 583 800 ut
610 745 701 818 caput
727 743 807 801 foras
834 742 945 801 habeat
972 745 1003 801 et
1029 749 1127 817 nares,
1155 761 1185 798 ne
1226 747 1227 752 ’

185 833 380 908 praefocetur.
435 833 466 888 et
497 832 672 909 sanguinem
713 831 867 889 detrahere
901 830 996 890 debes.
1052 835 1115 889 tam
1143 831 1186 887 diu
1226 898 1227 904 ἵ

185 922 217 979 in
249 928 340 980 arena
372 919 528 996 protricet,
565 920 657 979 donec
688 921 815 979 insudet.
859 921 916 979 hac
942 939 974 978 re
1002 937 1108 979 sanum
1131 919 1186 976 fieri

186 1011 331 1068 dixerunt.
384 1027 439 1086 ego
473 1012 575 1067 tamen
609 1029 644 1067 ex
678 1028 749 1068 cura
781 1027 803 1069 s.
836 1027 856 1068 s.
899 1009 1069 1084 saepissime
1097 1010 1185 1086 plures

186 1099 298 1159 sanavi.
345 1098 397 1173 qui
420 1116 456 1156 ex
476 1098 534 1157 hac
560 1117 591 1155 re
620 1116 679 1156 non
704 1098 876 1174 profecerit,
903 1116 970 1157 ures
999 1099 1026 1156 ei
1053 1099 1186 1157 cervicem
1196 1113 1227 1170 a¹

187 1189 321 1246 dextram
344 1186 495 1246 sinistram
518 1187 657 1246 similiter
684 1187 859 1264 decusatim,
886 1189 916 1244 et
938 1203 1108 1264 perungues
1129 1203 1186 1244 eun

185 1277 323 1335 unctione
354 1275 434 1333 infra
462 1276 573 1351 scripta
600 1279 631 1334 ct
661 1276 868 1335 saccellionem
900 1296 935 1334 ex
964 1276 1078 1334 furfiire
1110 1294 1187 1352 super

184 1368 283 1422 totum
309 1367 410 1442 tergus
433 1364 563 1423 calidum
584 1365 708 1440 inpones
732 1384 785 1440 per
806 1365 914 1424 triduo.
956 1364 1086 1440 curabis,
1109 1368 1142 1423 ut
1162 1361 1186 1422 s.
1226 1361 1227 1364 ’

186 1473 291 1512 sanum
313 1453 372 1511 fiet.
1226 1455 1227 1460 ’

109 1539 165 1594 321
251 1543 334 1617 potio
357 1542 396 1600 ad
418 1542 572 1600 roborosos'
596 1559 630 1600 ac
651 1543 794 1601 tetanicos
818 1546 848 1601 et
873 1543 1064 1618 opistotonos.
1109 1541 1186 1600 dauci
1196 1555 1213 1595 1⁵

185 1650 285 1690 semen
305 1631 372 1710 pd·
388 1630 461 1706 511,
484 1631 634 1690 cuminum
648 1631 883 1689 Alexandrinum
906 1631 971 1710 ps,
994 1632 1032 1690 sil
1047 1630 1186 1690 Gallicum

185 1739 207 1800 p
233 1723 266 1796 5,
294 1723 460 1780 castoreum
489 1737 511 1798 p
535 1720 568 1794 3,
596 1721 772 1779 abrotanum
799 1721 874 1798 p3,
901 1721 1050 1797 trixagine
1076 1719 1186 1798 psss,

185 1828 304 1887 magma
327 1809 405 1868 croci
428 1826 449 1887 p
469 1808 503 1883 3,
529 1809 618 1884 ysopi
639 1827 661 1888 p
681 1812 715 1884 3,
737 1810 823 1884 piper
846 1809 947 1868 album
969 1810 1043 1868 semi
1065 1814 1100 1884 3,
1122 1810 1186 1866 haec

186 1899 285 1957 omnia
307 1901 376 1957 tusa
395 1900 426 1954 et
443 1900 524 1956 creta
545 1897 633 1972 bene,
665 1897 775 1956 dantur
797 1918 832 1956 ex
855 1899 957 1957 eodem
979 1898 1188 1956 medicamento
1226 1971 1227 1974 Ἴ

186 1987 331 2046 coclearia
354 1987 420 2044 duo.
453 1977 519 2046 aliis
543 2006 579 2044 ex
596 2005 666 2046 suco
684 1987 800 2046 tisanae
820 1988 946 2045 mixtum
964 1987 1051 2046 lassis
1070 1990 1101 2045 et
1118 1985 1216 2062 peri-e

185 2095 221 2134 cu
254 2075 314 2134 sius
337 2093 368 2134 se
390 2075 577 2150 habentibus,
600 2075 667 2133 aliis
690 2094 760 2135 vero
784 2095 820 2133 ex
842 2095 921 2151 aqua
946 2076 1044 2134 calida
1068 2079 1099 2134 et
1121 2075 1185 2148 oleo,
1226 2151 1227 2154 Ἴ

185 2165 254 2223 aliis
276 2182 346 2222 vcro
370 2183 405 2222 ex
427 2164 496 2222 vino
515 2165 610 2223 veteri
630 2164 727 2239 datur,
750 2184 902 2240 nunquam
924 2168 1025 2223 tamen
1049 2165 1111 2223 sine
1130 2164 1186 2222 oleo

184 2255 306 2329 propter
335 2252 502 2312 leniendam
528 2253 735 2312 austeritatem
761 2253 892 2329 potionis
919 2258 949 2312 et
975 2254 1108 2312 faucium
1133 2253 1186 2310 len-

185 2343 289 2400 titiam.

108 2419 166 2500 322
250 2430 352 2490 unctio
380 2430 418 2488 ad
444 2430 624 2489 valitudines
648 2449 669 2488 s.
693 2449 715 2490 s.
763 2450 830 2490 cera
852 2449 874 2510 p
897 2430 987 2506 libra,
1015 2432 1214 2504 afronitroms

183 2520 282 2596 pondo
305 2519 391 2594 libra,
414 2519 599 2577 terebeutina
621 2519 719 2594 pondo
738 2521 835 2594 semis,
857 2519 1020 2597 galbanum
1042 2539 1064 2599 p
1083 2535 1125 2600 g,
1145 2537 1186 2578 oa·

185 2613 316 2668 storeum
345 2608 443 2683 pondo
466 2621 508 2686 ς,
536 2609 736 2683 oppopcnacis
759 2609 857 2684 pondo
885 2609 930 2686 ·I·,
962 2610 1075 2684 piperis
1097 2608 1185 2686 pondo

185 2697 358 2771 semiuncia,
387 2697 519 2755 medulla
546 2697 666 2756 cervina
688 2714 709 2775 p
735 2711 778 2776 ς,
807 2699 866 2756 olei
887 2699 995 2757 veteris
1020 2699 1100 2774 quod
1121 2696 1184 2756 satis
1226 2719 1227 2760 l

185 2787 288 2861 fuerit,
323 2787 393 2844 vino
425 2785 520 2843 veteri
551 2786 664 2861 optimo
694 2785 866 2845 admixtum.
917 2787 994 2845 hanc
1025 2788 1184 2846 unctionem

185 2876 277 2934 uteris
306 2875 344 2932 ad
370 2874 556 2934 valitudines
573 2893 595 2934 s.
619 2893 641 2933 s.
695 2894 773 2934 nunc
800 2894 870 2934 vero
893 2876 967 2934 facis
990 2877 1029 2934 ad
1056 2889 1214 2952 praesensa

258 3085 273 3132 3
298 3081 347 3133 aut
368 3081 378 3150 ΙΙ
401 3085 416 3132 5
441 3095 517 3134 area:
542 3079 572 3132 in
591 3095 676 3133 arena
694 3079 803 3134 fluviali
821 3080 867 3134 vel
884 3079 1027 3134 maritima
1046 3079 1183 3148 colligatos

191 3151 253 3221 ch.
268 3153 278 3220 ll
292 3156 307 3202 7
323 3151 407 3205 debet
429 3153 439 3220 ΙΙ
461 3156 477 3203 8
496 3167 563 3204 arca
593 3153 603 3218 ΙΙ
636 3157 668 3204 15
697 3151 759 3206 Ve.
784 3152 811 3205 V
825 3155 875 3220 23,
894 3155 931 3206 12
964 3151 968 3223 Ι
998 3150 1160 3204 attennticos

187 3223 359 3290 epistotonoe
377 3224 387 3291 Η
411 3227 444 3274 16
463 3221 561 3275 uncias
579 3221 613 3288 H,
641 3169 795 3291 anagallici
824 3223 885 3293 ch.
909 3225 919 3292 ss
942 3228 974 3275 1⁷
1000 3225 1161 3290 aprotanum

186 3293 316 3360 trixagne
336 3295 346 3360 ΙΙ
370 3297 402 3344 18
421 3292 515 3361 ysopi:
535 3299 617 3346 cuma
636 3293 744 3346 cuccari
762 3292 875 3347 unciam
893 3294 956 3348 odd.
980 3293 1042 3364 ch.
1067 3295 1077 3362 ΙΙ
1104 3298 1135 3346 20
1150 3305 1181 3358 sq.

186 3361 361 3429 periculosis:
386 3379 453 3416 corr.
480 3365 507 3416 B
531 3365 541 3430 ΙΙ
563 3369 596 3416 22
617 3362 667 3416 alii
686 3363 697 3435 tl
719 3370 752 3417 23
778 3364 930 3418 liniendam
956 3365 960 3436 1
987 3381 1025 3432 sq.
1052 3362 1183 3418 lenitiam:

186 3446 254 3483 corr.
274 3432 307 3510 ΒΙ
328 3433 337 3501 ll
364 3437 397 3511 2ῤ
422 3433 483 3502 ch.
512 3433 539 3486 V
557 3437 603 3502 23,
617 3439 654 3488 10
678 3439 682 3505 Ι
708 3434 837 3488 afronitri
859 3436 935 3506 ch:
964 3438 1014 3489 aut
1039 3435 1152 3489 toritum
1174 3433 1183 3498 l

188 3505 221 3551 28
241 3503 406 3553 semmnctia
